2134 3859
142 227 312 304 AN.
329 223 412 295 V
431 225 504 292 C.
520 225 1008 295 DCCLXXIX.
1055 231 1223 298 AER.
1242 234 1315 300 C.
1312 236 1439 300 26.
1530 258 1689 324 319,

39 403 404 492 praeficere
423 447 444 480 ,
488 423 610 467 nec
655 401 772 468 nifi
814 405 1143 474 adversum
1194 410 1444 474 accolas
1482 410 1666 476 belli-

37 539 297 604 gerare.
391 517 492 581 Ac
515 526 658 585 tum
693 539 916 583 rumor
943 518 1317 600 incefferat,
1357 525 1533 604 fore,
1590 536 1667 591 ut

40 631 303 716 disjecti
322 676 343 710 ,
386 631 647 714 aliisque
673 633 1043 698 nationibus
1070 637 1407 718 permixti,
1455 621 1667 706 diver·-

41 747 138 813 sas
166 747 482 824 inpterras
504 734 934 812 traherentur.
1027 745 1155 838 Sed
1188 761 1532 836 antequam
1562 772 1669 818 ar·-

39 881 144 926 ma
176 860 587 944 inciperent,
645 861 872 926 misere
899 862 1182 946 legatoS,
1231 845 1669 946 '“amicitia'rm

43 974 555 1060 obsequiumque
573 975 610 1031 ³⁹
657 987 1161 1057 memoraturus3
1210 986 1253 1016 ‘⁶
1275 979 1343 1045 &
1373 983 1669 1046 mansura

41 1091 204 1154 haec
227 1137 248 1166 ,
298 1086 350 1152 fi
388 1087 566 1152 nullo
596 1107 764 1154 novo
799 1109 995 1154 onere
1035 1060 1461 1160 tentarentur.
1554 1094 1669 1160 Sin

40 1212 116 1266 ut
145 1201 350 1268 vistis
391 1200 718 1268 servitium
761 1203 1190 1282 indicet-etun
1238 1207 1361 1272 efl'e
1390 1207 1503 1272 fibi
1538 1210 1671 1274 fer-

45 1338 190 1381 rum
229 1316 310 1382 &
351 1317 789 1430 juventutem,
854 1317 926 1382 δε
959 1327 1346 1403 promptum
1365 1322 1672 1400 libertati,

47 1441 158 1498 aut
213 1433 305 1496 ad
351 1435 632 1504 mortem,
685 1397 1027 1495 animum'’
1160 1429 1366 1498 Simul
1420 1434 1673 1500 castella

49 1547 328 1630 rupibus
353 1541 591 1619 indita,
637 1543 1050 1628 conlatosque
1074 1546 1231 1610 illuc
1268 1557 1567 1630 parentes
1603 1546 1675 1614 δι

52 1659 370 1742 conjuges
422 1654 822 1721 ostentabant
851 1704 870 1735 ,
937 1659 1365 1745 “bellumque
1404 1660 1677 1744 impedi-

52 1779 193 1836 tum
212 1815 232 1848 ,
283 1769 557 1835 arduum
576 1812 596 1846 ,
643 1781 982 1836 cruentum
995 1775 1055 1852 ”,
1102 1774 1585 1840 minitabantur.

187 1881 478 1959 XLVII.
524 1884 618 1947 At
650 1879 928 1950 Sabinus
971 1885 1213 1971 (do‘nec
1246 1881 1565 1954 exercitus
1606 1887 1678 1954 in

58 2019 271 2064 unum
321 1996 746 2075 conduceret,
807 2001 974 2065 datis
1009 2001 1278 2070 mitibus
1323 2002 1688 2088 responfis)
1752 1995 1760 2002 ’

61 2113 402 2197 postquam
465 2111 858 2195 Pomponius
889 2113 1125 2180 Labeo
1164 2139 1203 2181 e
1247 2115 1483 2182 Moefia
1528 2135 1678 2181 cum

61 2227 357 2310 legione,
403 2245 519 2292 rex
557 2225 1046 2307 Rhoemetalces
1082 2247 1230 2294 eum
1274 2231 1531 2296 auxiliis
1560 2250 1681 2315 po·-

63 2340 414 2424 pularium,
460 2340 571 2423 qui
589 2335 787 2404 fidem
810 2359 942 2405 non
962 2349 1389 2420 mutaverant,
1418 2364 1680 2419 venere,
1776 2373 1789 2419 3
1816 2333 1823 2340 ’

67 2455 292 2518 addita
349 2453 662 2539 praesenti
700 2452 886 2538 copia
918 2497 937 2530 ,
1017 2457 1099 2520 ad
1140 2455 1382 2520 hostem
1431 2455 1680 2539 pergit,

69 2563 542 2653 compofitum
522 2586 653 2651 Jarn
689 2586 805 2651 per
834 2568 1153 2650 angustias
1182 2569 1487 2634 saltuum:
1536 2568 1686 2652 qui·-

75 2681 225 2744 dam
255 2680 598 2746 audentius
627 2682 865 2766 apertis
888 2679 958 2744 in
986 2681 1257 2748 collibus
1287 2679 1685 2748 visebantur.

75 2813 239 2876 quos
264 2796 412 2860 dux
458 2773 822 2871 Romanus,
878 2795 1017 2860 acie
1065 2771 1453 2881 suggrefl‘us,
1514 2795 1689 2862 haud

78 2927 267 2991 aegre
301 2908 581 2992 pepulit,
627 2894 929 2992 sanguine
961 2910 1379 2978 barbarorum
1410 2909 1688 2982 modico,

81 3020 160 3085 ob
201 3021 564 3106 propinqua
605 3017 895 3106 suffugia.
984 3023 1139 3091 Mox
1178 3025 1397 3090 castris
1436 3023 1506 3088 in
1544 3021 1689 3086 loco

84 3135 495 3201 communitis
515 3177 536 3212 ,
583 3137 793 3220 valida
838 3155 1035 3202 manu
1080 3141 1692 3217 montem-occupat,

87 3247 418 3337 angustum
433 3291 454 3326 ,
500 3247 573 3314 &
595 3249 848 3334 aequali
874 3251 1054 3316 dorso
1090 3253 1470 3316 continuum
1500 3247 1697 3330 usque

89 3363 170 3424 ad
214 3363 583 3448 proximum
626 3363 956 3432 castellum
987 3408 1012 3445 ,
1081 3367 1255 3452 quod
1309 3380 1541 3448 magna
1594 3357 1696 3425 viu
