2134 3859
1076 25 1111 68 l

134 253 312 326 AN.
325 249 407 322 V.
427 251 503 320 c.
523 250 972 322 Dchxvn.
1015 249 1186 321 ΕΚ.
1204 251 1404 324 cim.
1428 277 1535 344 η.
1592 267 1686 351 89

43 428 220 496 verfi
271 449 557 534 corpore·
578 475 599 508 ,
664 435 708 468 ‘⁴
729 431 1060 496 cicatrices
1118 453 1203 498 ex
1264 430 1637 498 vulneribus
1652 479 1677 512 ,

41 545 411 612 verberum
443 555 630 610 notas
646 546 686 572 ’³
719 546 1141 630 exprobrant3
1200 567 1353 612 mox
1380 547 1682 614 indiscre-

39 659 126 722 tis
171 659 492 736 vocibuS,
551 661 818 753 “pretia
852 660 1301 738 vacationum,
1360 661 1680 744 angustiae

37 771 384 855 stipendii,
428 773 730 839 duritiam
759 791 1027 860 operum
1043 777 1107 852 '’‚
1152 793 1229 839 ac
1256 777 1531 860 propriis
1558 795 1679 842 no-

37 887 348 954 minibus
391 887 716 965 incusant,
761 889 1066 956 “vallum
1094 933 1115 966 ,
1160 889 1391 966 fofl'as,
1434 890 1679 973 pabuli.

37 1003 410 1080 materiae,
453 1001 776 1084 lignorum
814 1001 1105 1085 adgestus
1122 1006 1186 1081 ''‚
1230 1003 1300 1070 &
1318 1002 1367 1067 fi
1392 1023 1519 1088 qua
1550 1006 1677 1072 alia

38 1137 124 1180 ex
143 1114 530 1182 necesfitate
542 1162 563 1194 ,
607 1124 722 1182 aut
755 1117 1054 1184 adversus
1088 1117 1295 1182 otium
1328 1117 1677 1184 castrorum

38 1240 479 1314 quaeruntur.
569 1229 1014 1298 Atrociffimus
1049 1241 1504 1300 veteranorum
1544 1234 1675 1300 cla-

39 1365 190 1409 mor
237 1347 570 1413 oriebatur
589 1392 608 1422 ,
654 1346 766 1432 qui
809 1345 1056 1412 tricena
1072 1391 1093 1422 ,
1138 1355 1252 1412 aut
1296 1346 1479 1432 supra
1500 1381 1543 1423 ,·
1568 1346 1677 1412 sti-

37 1460 296 1551 pendia
328 1467 742 1526 numerantes
762 1505 782 1536 ,
827 1463 872 1499 ‘⁶
891 1460 1257 1528 mederetur
1296 1457 1465 1528 feliis
1484 1505 1505 1538 ,
1548 1481 1679 1528 neu

43 1582 340 1640 mortem
385 1573 452 1640 in
495 1573 724 1640 iisdem
757 1573 1083 1643 laboribus
1102 1619 1125 1650 ,
1168 1573 1274 1640 sed
1310 1572 1509 1640 finem
1543 1581 1680 1640 tam

43 1688 384 1756 exercitae
417 1688 689 1754 militiae
703 1733 722 1763 ,
767 1705 980 1770 neque
1005 1688 1271 1772 inopem
1302 1687 1593 1772 requiem
1610 1681 1677 1766 ‘'‚

46 1801 352 1873 orabant.
453 1801 658 1868 Fuere
701 1800 898 1868 etiam
913 1845 936 1879 ,
987 1801 1101 1884 qui
1148 1800 1431 1886 legatam
1458 1819 1499 1866 a
1516 1801 1679 1868 divo

44 1913 349 1998 Augusto
368 1916 708 1998 pecuniam
724 1913 1145 1998 reposcerent,
1174 1913 1395 1982 faustis
1418 1915 1489 1982 in
1511 1913 1677 1982 Ger·-

45 2023 390 2094 manicu'm
436 2027 792 2096 ominibus:
841 2025 912 2095 &
932 2073 952 2104 ,
993 2025 1044 2094 fi
1086 2028 1281 2094 vellet
1306 2029 1675 2114 imperium,

47 2149 392 2227 promptos
421 2141 838 2208 ostentavere.
906 2139 1091 2218 Tum
1120 2163 1299 2220 vero,
1328 2141 1510 2228 quafi
1542 2143 1680 2209 sce·-

46 2257 184 2320 lere
227 2256 778 2324 contaminaretur
797 2301 818 2334 ,
861 2273 1169 2342 praeceps
1212 2257 1521 2324 tribunali
1561 2261 1677 2324 de-

47 2367 228 2434 filuit
245 2391 267 2436 ε
314 2368 744 2456 opposuerunt
781 2369 1044 2436 abeunti
1088 2386 1268 2436 arma
1282 2403 1307 2449 ·‚
1370 2349 1677 2436 minitan-

46 2489 148 2548 tes
179 2529 202 2563 ,
267 2483 338 2548 ni
384 2485 850 2566 regrederetur.
939 2483 1034 2548 At
1075 2483 1185 2550 ille
1229 2485 1270 2513 ”
1284 2483 1679 2549 moriturum

48 2598 296 2683 potius,
322 2615 516 2680 quam
543 2593 742 2662 fidem
767 2604 1033 2662 exueret
1052 2597 1091 2624 '’
1142 2594 1503 2671 clamitans,
1544 2596 1682 2660 fer·
1765 2681 1772 2700 ι
1828 2591 1839 2601 ‘

49 2730 198 2776 rum
239 2730 280 2776 a
326 2711 528 2778 latere
569 2709 837 2796 diripuit
857 2755 880 2788 ,
943 2708 1315 2793 elatumque
1352 2707 1683 2776 deferebat

51 2823 118 2888 in
169 2822 398 2911 pestus
417 2871 436 2901 ,
499 2824 573 2890 ni
604 2822 894 2908 ‘proximi'
937 2820 1231 2908 prensam
1274 2823 1565 2890 dextram
1606 2822 1679 2890 vi

55 2937 472 3007 attinuifl'ent.
557 2936 868 3002 Extrema
901 2934 971 3004 δε
998 2936 1379 3020 conglobata
1404 2937 1575 3003 inter
1609 2936 1674 3002 se

53 3068 199 3133 pars
237 3051 566 3118 concionis
585 3095 606 3128 ,
653 3069 731 3116 ac
775 3051 887 3118 vix
927 3032 1231 3118 credibile
1274 3047 1487 3126 dictu,
1533 3049 1677 3132 qui·-

55 3166 202 3230 dam
245 3163 478 3248 finguli
521 3165 786 3251 propius
826 3163 1199 3230 incedentes
1220 3209 1241 3242 ,
1302 3167 1346 3202 “
1368 3162 1595 3232 feriret
1609 3163 1673 3238 '’‚

54 3275 513 3344 hortabanturt
577 3277 649 3346 ὅτ
705 3277 892 3347 niiles
915 3323 933 3354 ,
977 3277 1242 3344 nomine
1300 3271 1675 3350 CalufidiuS‚

59 3389 342 3463 strictum
365 3392 605 3462 obtulit
641 3391 927 3482 gladium
941 3437 963 3474 ,
1011 3389 1231 3462 addito
1252 3435 1286 3466 ,.
1322 3386 1679 3456 acutiorem
