2134 3859
199 232 371 304 AN.
388 227 476 301 V.
496 233 568 302 C.
586 233 1142 306 DCCLXXVIII.
1191 237 1357 304 AER.
1374 236 1447 306 C.
1460 251 1570 322 25.
1616 261 1741 334 311

163 407 467 486 Sejanus,
511 413 708 472 nimia
743 410 1004 492 fortuna
1029 414 1271 492 socors,
1317 416 1564 475 Liviam
1584 413 1703 492 fibi
1782 456 1789 468 ,

713 545 958 584 uxorem
978 526 1164 601 petit.

251 631 591 700 XXXIX.
639 635 735 698 At
779 632 1050 718 Sejanus
1090 633 1293 704 nimia
1340 636 1605 702 fortuna
1638 637 1739 702 so-

105 767 266 812 cors
287 795 309 824 ,
359 747 432 830 ὃς
467 748 772 816 muliebri
801 749 1058 834 insuper
1088 744 1389 834 cupidine
1418 750 1735 829 incensae,

103 861 498 944 promiffum
565 864 1053 928 matrimonium
1110 863 1448 947 flagitante
1508 865 1728 942 Livia,

101 977 453 1058 componit
511 978 595 1040 ad
655 977 989 1043 Caesarem
1047 978 1401 1044 codicillos.
1521 977 1728 1044 Mori:

103 1089 364 1173 quippe
397 1099 540 1154 tum
582 1101 724 1174 erat
749 1137 768 1168 ,
832 1111 1233 1175 quamquam
1288 1092 1684 1178 praesentem
1704 1137 1727 1169 ,

99 1181 343 1286 scripto
381 1205 584 1270 adire.
673 1204 837 1288 Ejus
882 1205 1034 1268 talis
1076 1206 1290 1269 forma
1333 1206 1503 1270 fuit“
1536 1226 1554 1270 ε
1601 1207 1725 1272 Be-

103 1318 485 1382 nevolentia
527 1318 730 1403 patris
773 1316 1089 1400 Augusti,
1135 1316 1205 1384 &
1244 1338 1398 1380 mox
1422 1317 1729 1402 pluribus

103 1428 364 1496 Tiberii
392 1431 684 1515 judiciis,
729 1432 821 1496 ita
845 1429 1221 1508 insuevifl‘e,
1266 1439 1347 1495 ut
1375 1430 1513 1514 spes
1542 1439 1726 1494 vota-

101 1565 238 1629 que
271 1544 390 1609 sua
418 1565 552 1609 non
579 1546 877 1629 prius-ad
903 1545 1093 1620 deoS,
1138 1563 1337 1627 quam
1365 1546 1447 1608 ad
1478 1544 1726 1608 Princi-

95 1678 268 1741 pum
295 1677 511 1724 ·aures
555 1659 898 1724 conferret.
990 1657 1221 1742 Neque
1249 1658 1570 1740 fulgorem
1602 1659 1721 1722 ho·
1766 1645 1771 1652 ’

96 1791 345 1838 norum
373 1781 694 1857 umquam
727 1780 1096 1857 precatum:
1152 1773 1459 1838 excubias
1502 1793 1579 1834 ac
1621 1772 1718 1836 la-

92 1861 344 1962 bores:
396 1891 476 1952 ut
515 1907 720 1952 unum
750 1909 789 1952 e
815 1888 1171 1961 militibus,
1218 1905 1337 1970 pro
1374 1886 1719 1960 incolumi-

95 2008 240 2075 tate
301 2001 725 2084 Imperatoris
779 2003 996 2096 mtalle.
1099 2000 1409 2066 Attamen
1443 2046 1463 2078 ,
1536 2003 1717 2084 quod

95 2097 608 2198 pulcherrimum
627 2161 648 2191 ‚
707 2115 1014 2197 adeptum
1042 2161 1062 2190 ,
1128 2121 1209 2178 ut
1250 2111 1713 2196 conjunffione

96 2226 383 2294 Caesaris
399 2229 628 2312 dignus
647 2228 1018 2293 crederetur
1038 2248 1056 2292 ,ε
1103 2227 1255 2290 hinc
1272 2227 1535 2294 initium
1554 2213 1711 2311 spei.

96 2343 188 2406 Et
213 2342 517 2425 quoniam
551 2341 897 2418 audiverit,
936 2338 1311 2422 Augustum
1330 2386 1351 2416 ,
1397 2341 1465 2403 in
1490 2343 1713 2406 conlo-

94 2455 301 2518 canda
333 2454 468 2520 fflia
487 2502 506 2532 ,
554 2455 850 2520 nonnihil
873 2453 1075 2519 etiam
1112 2455 1193 2518 de
1217 2453 1547 2536 equitibus
1573 2453 1710 2516 Ro-

97 2569 304 2632 manis
341 2567 826 2632 consultavifl'e:
897 2569 1028 2643 ita,
1077 2564 1128 2630 fi
1171 2566 1448 2630 maritus
1482 2565 1709 2632 Liviae

92 2689 532 2764 quaereretur,
577 2683 845 2747 haberet
871 2682 940 2746 in
971 2681 1188 2744 animo
1218 2679 1523 2756 amicum,
1573 2679 1701 2744 sola

95 2789 570 2860 neceffitudinis
632 2795 842 2878 gioria
901 2795 1199 2860 usurum.
1317 2792 1471 2858 Non
1530 2796 1704 2860 enim

93 2927 330 2972 exuere
357 2907 650 2993 imposita
676 2909 956 2974 muniar
990 2908 1141 2972 satis
1172 2906 1539 2982 aestimare,
1588 2907 1703 2970 fir·-

93 3023 255 3084 mari
300 3023 570 3086 domum
613 3022 951 3088 adversum
1003 3023 1260 3106 iniquas
1300 3021 1700 3104 Agrippinae

95 3133 500 3212 offenfione53
563 3136 762 3219 idque
805 3136 1159 3204 liberorum
1206 3135 1414 3198 causa.
1525 3133 1699 3198 Nam

89 3245 199 3311 fibi
242 3250 526 3312 muium
564 3250 886 3331 superque
928 3250 1101 3313 vitae
1144 3240 1340 3325 fore}
1367 3249 1538 3331 quod
1583 3247 1725 3312 tali‘

93 3380 236 3449 cum
260 3361 553 3458 Pripcipe
579 3360 1016 3446 explevifi‘et'’.

1186 3471 1343 3557 V4
