2134 3859
1823 0 1970 10 --Ψ-

453 224 590 297 226
761 154 1338 287 A'NNALIVM
1400 171 1593 287 Lm.
1648 218 1821 291 111.

461 399 796 468 adversum
843 395 1165 461 Numidas
1206 414 1489 481 pugnam
1523 398 1719 475 facit,
1766 398 2111 482 pellitque

454 518 526 582 in
561 512 830 607 deserta.

542 626 783 709 Lepida
813 628 1083 689 Aemilia
1124 622 1416 685 adulterii
1448 620 1518 691 ό·
1550 628 1759 685 veneni
1793 620 2029 705 defer-

937 756 1083 810 tur‚
1130 734 1202 803 ό·
1240 734 1589 795 damnatur.

587 852 820 921 XXII.
867 850 960 913 At
983 849 1232 913 Romae
1251 846 1533 930 Lepida,
1580 846 1930 931 cui-super
1960 820 2102 911 'Ae-

455 969 792 1037 miliorum
833 966 1036 1029 decus
1085 960 1162 1025 L.
1212 956 1393 1025 Sulla
1434 980 1509 1023 ac
1556 960 1673 1025 Cn.
1717 963 2114 1045 Pompeius.

455 1081 682 1167 proavi
717 1088 936 1155 erant,
984 1077 1279 1139 defertur
1329 1071 1777 1139 “fimulavifl'e
1808 1087 2094 1159 partum

457 1218 554 1261 ex.
577 1196 650 1261 P.
686 1184 992 1290 Quirinp’Jo
1023 1191 1227 1255 divite
1266 1197 1470 1273 atque
1511 1190 1669 1255 orbo
1686 1194 1757 1253 ”¹
1804 1189 2093 1272 adjicie-

454 1310 698 1379 bantur
738 1307 1127 1371 “adulteria
1154 1350 1173 1381 ,
1225 1322 1517 1379 venena;
1565 1300 2087 1385 quaesitumque

451 1443 571 1511 per
597 1422 970 1515 'Chaldaeos
1009 1422 1078 1483 in
1118 1419 1391 1481 domum
1432 1416 1718 1481 Caesaris
1734 1421 1795 1495 ’',
1844 1398 2087 1481 defen-

455 1540 654 1603 dente
696 1556 876 1599 ream
917 1533 1135 1598 Manio
1177 1530 1459 1615 Lepido,
1518 1532 1749 1605 fratre..
1844 1531 2082 1606 Quiri·

453 1622 606 1741 Qus
623 1697 642 1727 ,
687 1649 826 1734 post
850 1645 1101 1719 dietum
1113 1644 1476 1728 ‘repudium
1508 1646 1723 1709 adhuc
1748 1644 2083 1721 infensum,

458 1762 760 1849 quamvis
830 1761 1060 1825 infami
1120 1778 1195 1819 ac
1252 1759 1523 1821 nocenti
1582 1757 2114 1851 miserationem}

456 1876 816 1960 addiderat.
896 1868 1113 1963 'Haud
1148 1871 1344 1934 facile
1384 1873 1533 1955 quis
1578 1872 1935 1957 dispexerit
1962 1874 2073 1937 ina

454 1991 523 2054 in
555 1988 926 2071 cognitione
956 1993 1245 2047 mentem
1272 1970 1629 2076 Principis4
1676 1988 1845 2050 adeo
1876 1986 2075 2052 vertit

457 2124 534 2169 ac
575 2082 1007 2167 miscuit'irae
1049 2098 1120 2165 &
1148 2098 1538 2163 clementiae
1576 2096 1786 2189 fignap·
1834 2102 2072 2185 depre-

449 2224 638 2281 catus
665 2216 876 2301 primo
893 2212 1214 2289 senatum,
1263 2218 1404 2277 “ne
1422 2210 1770 2297 majestatis
1792 2215 2073 2278 crimina

448 2328 972 2395 trastarentur’':
1017 2308 1173 2391 mox
1204 2328 1293 2391 M.
1324 2324 1674 2393 Seu-vilium
1699 2346 1737 2391 e
1766 2328 2067 2393 consula-

443 2447 666 2522 ribus,
711 2442 1004 2529 aliosque
1044 2440 1237 2505 testes
1277 2441 1509 2505 inlexit
1540 2442 1621 2504 ad
1646 2443 2064 2525 proferenda,

451 2579 624 2645 quae
655 2560 840 2624 velut
864 2558 1142 2622 reticere
1170 2556 1495 2624 voluerat.
1586 2554 1909 2639 Idemque
1931 2556 2061 2619 ser-

442 2691 560 2739 vos
605 2671 888 2757 Lepidae
921 2718 940 2749 ‚
1017 2691 1173 2736 cum
1216 2670 1484 2733 militari
1523 2668 1811 2734 custodia
1863 2670 2057 2735 habe<-

443 2792 716 2861 rentur,
761 2785 1094 2849 transtulit
1143 2785 1227 2847 ad
1280 2781 1621 2861 consules;
1680 2802 1902 2866 neque
1942 2800 2057 2868 per

439 2904 772 2963 tormenta
804 2880 1194 2980 interi-ogeri
1222 2896 1436 2980 passus
1468 2896 1560 2961 est
1594 2897 1673 2959 de
1700 2897 1799 2961 his
1816 2943 1839 2974 ,
1885 2915 2055 2981 quae

441 3012 526 3077 ad
553 3012 824 3074 domum
850 3010 1033 3075 suam
1051 3010 1481 3095 pertinerent.
1570 3010 1835 3075 Exemit
1860 3010 2053 3074 etiam

442 3122 736 3191 Drusum
762 3171 782 3203 ,
840 3123 1173 3201 consulem
1226 3122 1679 3207 designatum,
1739 3125 2051 3188 dicendae

437 3239 648 3322 primo
691 3241 839 3304 loco
878 3237 1241 3301 sententiae
1272 3260 1291 3302 ι
1354 3240 1535 3322 quod
1575 3239 1689 3303 alii
1722 3238 1913 3302 civile
1950 3258 2048 3300 re·

435 3351 677 3433 bantur
701 3397 728 3433 ,
798 3357 841 3392 “
870 3372 956 3421 ne
997 3350 1234 3419 ceteris
1274 3348 1681 3419 adsentiendi
1721 3347 2045 3419 neceffitu
