2134 3859
512 231 1320 322 PRAEFATIO
1607 265 1730 351 „23

100 429 312 510 ritati
352 430 660 524 offusam
680 493 703 528 ,
737 435 871 512 vix
894 434 1274 533 effugiant.
1328 429 1732 517 Proclivior

100 547 361 650 adhuc
398 593 634 667 error,
686 573 815 652 ubi
858 574 1252 652 intercedit
1283 573 1728 670 religionum

100 711 517 794 diverfitas.
610 713 793 790 Inde
825 713 1128 794 Tacitus
1161 713 1340 790 falsa
1375 715 1469 792 de
1511 689 1727 794 chri.

96 850 363 930 stianis
396 909 421 945 ,
502 851 809 930 absurda
860 852 956 930 de
1002 853 1306 956 Judaeis
1363 851 1726 953 prodidit,

102 989 634 1090 praejudicatis
689 1003 853 1070 tum
913 992 1061 1070 suis
1101 1053 1124 1090 ‚
1183 1006 1349 1071 tum
1410 988 1728 1076 aliorum
1835 1089 1847 1094 -

104 1130 587 1231 opinionibus
628 1093 1061 1236 abstractum
1115 1132 1224 1210 ita
1265 1145 1522 1209 tamen
1549 1129 1727 1208 fidei

98 1267 185 1363 ⁸&
220 1270 687 1367 diligentiae,
746 1295 973 1371 quam
1011 1271 1093 1351 in
1127 1273 1394 1350 ceteris
1431 1269 1726 1374 profite-

98 1419 231 1483 tur
254 1466 278 1502 ,
336 1409 661 1488 retinens
680 1469 705 1505 ,
760 1423 851 1488 ut
885 1468 909 1504 ,
961 1411 1084 1488 vel
1119 1435 1292 1488 cum
1330 1412 1520 1488 haec
1553 1432 1726 1514 pec-

100 1559 313 1626 caret
345 1606 368 1641 ,
452 1546 905 1626 Christianos
983 1549 1311 1627 incendii
1376 1549 1725 1654 crimine,

102 1710 259 1785 quo
294 1685 495 1765 Nero
526 1711 659 1764 eos
690 1688 1104 1787 perculerat
1121 1747 1144 1782 ,
1202 1687 1590 1766 absolverit
1606 1687 1721 1793 n).

105 1827 437 1929 judaicis
526 1839 783 1904 autem
883 1827 1454 1926 antiquitatibus
1544 1848 1722 1906 vera

96 1966 658 2066 quamplurima
698 1967 1182 2070 intermiscet3
1241 1989 1558 2068 eamque
1607 1989 1724 2044 re-

54 2103 465 2202 “Jigionem
500 2105 716 2184 valde
749 2108 1250 2204 commendat,
1275 2124 1468 2204 quae
1493 2105 1720 2181 deum

94 2213 475 2340 imagines
512 2245 943 2322 mortalibus
974 2244 1308 2340 materiis
1333 2244 1412 2320 in
1447 2241 1722 2344 species

94 2382 507 2476 hominurn
553 2409 703 2462 non
751 2361 1040 2483 effingit
1072 2442 1095 2477 ,
1146 2384 1270 2470 sed
1306 2383 1453 2460 fine
1502 2382 1722 2460 fimu-

74 2521 365 2620 ⁴lacriS,
412 2521 559 2602 fine
598 2544 896 2620 regum,
940 2523 1088 2622 fine
1113 2521 1508 2604 Caesarum
1537 2520 1718 2596 adu.

102 2662 422 2756 latione,
478 2689 683 2738 unum
723 2685 963 2737 numen
996 2717 1018 2754 ,
1063 2657 1392 2760 summum
1427 2659 1597 2734 illud
1629 2653 1720 2738 δ’

106 2811 459 2908 aeternum
492 2859 515 2894 ,
565 2823 770 2900 neque
814 2797 1128 2876 mutabile
1141 2859 1164 2894 ,
1223 2825 1425 2898 neque
1483 2799 1721 2912 {utati-

105 2951 335 3016 aeurum
387 2967 425 3016 ο
446 2939 484 3045 )
504 3000 525 3033 ,
595 2954 1008 3022 veneratur.
1121 2939 1325 3018 Talia
1383 2938 1764 3017 veritatis.

86 3077 519 3166 ,testimonia
558 3053 755 3181 apud
798 3079 1086 3155 nullum
1121 3081 1506 3156 Romanae
1537 3100 1719 3175 gen-

109 3217 212 3294 tis
246 3217 666 3320 scriptorem
702 3229 875 3294 ante
894 3217 1236 3296 Tacitum
1255 3215 1568 3316 reperire
1589 3213 1711 3298 est.

177 3392 229 3463 a)
260 3359 439 3449 'ra-ik.
466 3396 783 3456 Annaxv,
819 3407 911 3465 44·
984 3394 1045 3466 (0)
1082 3357 1254 3448 tr'a'c'it.
1273 3392 1404 3446 nist.
1423 3397 1486 3454 v,
1525 3401 1580 3457 ς.

1200 3493 1278 3557 ,Β
1319 3509 1367 3572 4
