2134 3859
514 285 1302 371 PRAEFATIO
1615 317 1716 396 37
1857 329 1868 338 -

74 497 305 564 tavus
322 535 345 580 ,
382 483 1063 583 Berneggerianam
1081 483 1487 563 editionem
1503 541 1538 579 ‚x
1560 485 1710 562 levi

74 625 212 700 sua
266 645 495 725 opera
527 683 549 718 ,
605 623 730 702 sed
781 625 1128 703 nitidiore
1187 625 1444 702 charta
1461 683 1483 720 ‚
1559 625 1712 702 ele-

74 764 557 862 gantioribus
588 765 785 866 typis
804 822 825 858 ,
884 787 1059 840 oum
1093 763 1243 842 suis
1279 763 1710 844 Variorum-

22 915 24 920 ’
75 895 243 1002 que
273 904 475 979 notis
514 903 591 982 &
618 903 1051 1002 quibusdam
1079 904 1536 984 variantibus
1573 903 1708 988 Ms.

82 1021 532 1120 Oxonienfis
568 1042 997 1122 lestionibus
1017 1101 1037 1136 ‚
1099 1043 1179 1120 in
1215 1045 1458 1147 operis
1507 1046 1712 1126 ealce

83 1180 514 1281 subjunstis,
534 1181 879 1278 Lugduni
894 1183 1352 1262 Batavorum
1385 1183 1712 1264 absolve-

82 1322 219 1399 bat
234 1345 437 1398 anno
455 1346 859 1400 mncrxxn
876 1380 897 1416 ,
956 1345 1132 1399 oum
1153 1325 1454 1401 vivendi
1483 1323 1714 1401 finem

84 1461 297 1542 fecit.
398 1461 689 1538 Eadem
720 1461 953 1538 editio
984 1462 1145 1562 pari
1183 1463 1420 1542 nitore
1441 1463 1716 1540 iterum

88 1600 373 1700 prodiit
420 1599 957 1676 Amstelodami
995 1625 1195 1677 anno
1236 1613 1716 1682 mnczxxxw

206 1740 548 1842 Julianus
588 1739 927 1834 Prcnon,
962 1741 1270 1835 Gallus,
1302 1741 1398 1818 ad
1432 1739 1716 1841 majora

89 1894 450 1972 vocatus,
489 1877 618 1955 vix
653 1878 858 1978 paria
895 1879 1290 1978 praestitit:
1348 1882 1552 1958 nulla
1585 1881 1718 1958 ad-=

92 2017 332 2098 hibita
375 2015 530 2099 Mss'.
579 2017 926 2135 codicum
972 2031 1459 2120 veterumque
1496 2019 1720 2101 libro-‘-

93 2180 263 2234 rum
318 2145 710 2235 collatione
744 2217 766 2252 ,
817 2159 1178 2258 grandem
1223 2173 1475 2238 tamen
1507 2217 1531 2253 ‚
1589 2157 1716 2237 sed

93 2287 451 2398 indigesta
486 2299 682 2374 mole
712 2298 1137 2394 gravidam,
1177 2297 1582 2376 editionem
1619 2299 1719 2377 ad

96 2436 313 2513 usum
348 2435 795 2514 Sereniffimi
822 2437 1170 2538 Delphini
1185 2436 1473 2521 Parisiis
1494 2459 1720 2538 appa-

96 2575 291 2652 ravit
324 2599 521 2652 anno
556 2600 1047 2658 Moczxxxn.
1127 2573 1416 2653 Recusa
1445 2571 1549 2652 est
1571 2573 1723 2655 Ve-

98 2715 323 2792 netiis
365 2738 561 2791 anno
600 2739 961 2798 Moccvn.
1551 2701 1556 2712 ⁵

208 2853 587 2930 Theodori
617 2855 915 2932 Rmm
934 2912 956 2949 ‚
992 2852 1300 2949 Batavi,
1359 2852 1718 2951 breviora,

100 2991 223 3071 sed
265 2993 575 3070 meliora
606 2994 1050 3092 utilioraque
1083 2993 1164 3070 in
1193 2993 1538 3076 Tacitum
1551 2959 1722 3070 ftu-

102 3132 249 3214 dia.
336 3132 679 3208 Prodiere
714 3133 1063 3231 Lugduni
1087 3133 1558 3212 Batavorum
1585 3112 1722 3208 ειη-ζ

102 3295 198 3346 no
234 3241 1178 3366 Mocnxxxv11.'nitidiuS,
1223 3267 1720 3350 commodius-

103 3432 247 3513 que
301 3411 387 3489 in
439 3411 686 3492 lucem
749 3411 1021 3492 iterum
1080 3409 1332 3490 emiss'a
1388 3405 1721 3490 nublinfl

999 3559 1003 3562 ,
1227 3541 1281 3608 c
1322 3560 1370 3633 3
