2134 3859
131 177 1481 330 ‘AN.v.c'.ochxxxv1.²AEa.c.33.
1526 251 1657 328 331

183 413 486 482 XXVII.
535 411 670 477 Tot
722 411 1005 478 lustibus
1061 408 1307 502 funesta
1365 415 1659 494 civitate,

47 541 207 618 pars
251 525 568 593 moeroris
606 525 768 604 fuit,
815 527 996 608 quod
1028 501 1201 600 J'ulia
1220 573 1239 603 ,
1283 524 1471 592 Drusi
1499 526 1661 607 filia,

55 643 391 729 quondam
415 635 696 706 Neronis
727 658 929 715 uxor,
979 637 1273 722 denupfit
1298 640 1365 705 in
1397 641 1663 706 domum

58 754 351 830 Rubellii
393 737 630 820 'eundi
653 797 674 828 ,
745 750 930 832 cujus
989 769 1183 816 avum
1204 798 1225 829 ,
1286 747 1665 834 Tiburtem,

59 869 354 952 equitem
412 863 775 930 Romanum
801 904 822 940 ,
877 863 1166 948 plerique
1212 863 1663 932 meminerant.

59 982 376 1048 Extremo
407 979 558 1044 anni
591 995 766 1040 mors
779 977 955 1042 Aelii
973 976 1237 1042 Lamiae
1260 980 1485 1044 funere
1512 994 1667 1046 cen·
1696 975 1701 980 ’

63 1093 232 1162 sorio
291 1092 644 1168 celebrata,
701 1090 814 1174 qui
859 1089 1389 1157 administrandae
1434 1090 1668 1178 Syriae

64 1207 354 1289 imagIne
395 1205 654 1270 tandem
683 1201 1004 1266 exsolutus
1022 1247 1044 1280 ,
1090 1201 1253 1271 Urbi
1280 1209 1669 1290 praefuerat.
1764 1264 1783 1288 ,

67 1318 302 1388 Genus
328 1317 426 1384 im
449 1318 776 1394 decorum,
826 1315 1042 1383 vivida
1069 1315 1395 1401 senestus3
1444 1321 1512 1396 δε
1538 1343 1673 1386 non

67 1428 369 1519 permissa
422 1429 754 1515 provincia
825 1430 1267 1514 dignationem
1320 1433 1674 1506 addiderat.

8 1601 10 1604 ,
67 1545 241 1612 Exin
275 1545 502 1610 Flacco
542 1543 928 1626 Pomponio,
976 1541 1209 1629 Syriae
1239 1549 1678 1630 propraetore,

67 1655 382 1731 defuncto
396 1701 418 1734 ,
475 1656 826 1723 recitantur
874 1647 1159 1722 Caesaris
1209 1658 1469 1737 literae,
1526 1657 1677 1744 quis

70 1771 402 1836 incusabat
447 1773 492 1806 ‘⁴
511 1769 840 1856 egregium
879 1790 1233 1854 quemque,
1280 1770 1350 1836 δι
1380 1773 1679 1856 regendis

70 1882 462 1949 exercitibus
493 1881 816 1958 idoneum,
862 1883 1146 1953 abnuere
1169 1883 1237 1950 id
1264 1904 1497 1950 munus
1516 1897 1551 1951 ε·
1582 1884 1681 1952 se·-

75 2017 202 2080 que
231 2015 310 2059 ea
325 1990 780 2060 neceffitudine
807 1996 888 2060 ad
907 2015 1131 2080 preces
1164 1999 1331 2080 cogi,
1378 2017 1491 2082 per
1517 2017 1680 2083 quas

55 2107 505 2172 consularium
546 2104 750 2190 aliqui
793 2105 1107 2190 capessere
1143 2108 1507 2191 provincias
1540 2112 1681 2175 adi-

75 2228 386 2305 gerentur
403 2221 478 2282 ”t
525 2218 766 2284 oblitus
801 2217 1207 2298 Arruntium,
1237 2241 1320 2284 ne
1348 2222 1419 2284 in
1448 2221 1683 2308 Hispa-

77 2333 252 2398 niam
277 2340 593 2416 pergeret,
637 2331 954 2396 decimum
976 2329 1109 2413 jam
1132 2351 1373 2398 annum
1400 2335 1684 2401 attineri.

83 2445 264 2526 Obiit
303 2445 534 2510 eodem
567 2462 735 2508 anno
774 2441 844 2508 &
888 2443 980 2510 M.
1018 2443 1297 2528 Lepidus
1310 2490 1331 2521 ,
1376 2447 1457 2512 de
1498 2447 1683 2530 cujus

83 2557 524 2623 moderatione
558 2601 580 2634 ,
641 2564 838 2640 atque
888 2556 1194 2640 sapientia
1240 2556 1310 2621 in
1360 2558 1684 2643 prioribus

83 2670 260 2736 libris
303 2669 454 2734 satis
501 2667 831 2733 conlocavi
863 2686 882 2732 ε
945 2688 1156 2752 neque
1197 2669 1501 2735 nobilitas
1536 2671 1685 2736 diu-

85 2783 220 2846 tius
243 2771 724 2846 demon'stranda
759 2777 887 2844 est:
933 2782 1169 2866 quippe
1192 2780 1547 2846 Aemilium
1570 2803 1687 2867 ge-

89 2915 208 2960 nus
235 2895 586 2960 fecundum
627 2895 945 2959 bonorum
984 2894 1223 2960 clvium
1242 2939 1264 2972 ,
1322 2891 1393 2958 δε
1428 2897 1547 2982 qui
1571 2913 1686 2960 ea-

88 3007 236 3084 dem
255 3006 518 3102 ⁴familia
558 3007 878 3090 corruptis
907 3007 1194 3085 moribus
1215 3052 1239 3090 ,
1300 3004 1551 3073 inlustri
1584 3013 1686 3084 ta«,

92 3120 528 3195 men.fortuna
557 3137 764 3210 egere,
903 3113 911 3117 ’

941 3380 982 3412 ¹18⁸.
