2134 3859
193 203 346 273 AN.
362 199 460 270 V.
480 201 552 269 C.
570 196 1054 269 DCCLXXIV.
1104 200 1271 266 AER.
1292 204 1363 271 C.
1380 226 1488 274 21.
1548 228 1705 295 239.

59 378 402 447 excusante
436 377 500 442 se
538 367 817 463 Lepido,
866 399 1020 445 cum
1057 381 1497 448 valetudinem
1532 402 1676 447 cor-

59 496 219 581 poris
238 540 261 572 ,
342 502 630 557 aetatem
693 492 1006 571 liberum,
1069 496 1363 561 nubilem
1428 496 1678 587 filian1”

59 608 486 674 obtenderet:
545 608 1151 708 intelligereturque
1200 612 1397 678 etiam
1430 657 1449 687 ,
1498 614 1677 696 quod

55 722 265 787 silebat
284 767 306 799 ,
357 722 768 793 avunculum
799 720 923 785 esse
954 721 1170 805 Sejani
1200 726 1493 790 Blaesum
1512 773 1531 802 ,
1578 736 1677 788 at·-

57 858 174 921 que
201 858 284 900 eo
310 836 794 919 praevalidum..
869 836 1224 920 Respondit
1253 840 1514 905 Blaesus
1542 840 1679 923 spe-

59 952 145 1013 cie
183 950 554 1015 recusantis
588 996 607 1027 ,
664 949 770 1013 sed
813 968 1028 1033 neque
1075 954 1303 1027 eadem
1351 953 1681 1019 adsevera-

59 1065 224 1129 tione
240 1110 261 1141 ,
309 1061 386 1129 &
413 1063 717 1129 consensu
739 1064 1151 1131 adulantium
1168 1067 1340 1133 haud
1360 1066 1547 1149 jutus
1566 1066 1679 1133 est.

179 1175 498 1243 XXXVI
570 1177 740 1241 Exin
767 1187 1182 1262 promptum,
1230 1184 1405 1263 quod
1434 1180 1682 1245 niulto-
1762 1174 1806 1235 λ

68 1312 204 1356 rum
235 1222 858 1488 intimiquuestibus
884 1292 1247 1375 tegebatur.
1337 1296 1685 1361 Incedebat

66 1408 225 1469 enirn
259 1408 482 1473 deterr
579 1428 616 1470 ο
643 1406 886 1488 cuique
907 1405 1192 1482 licentia,
1236 1406 1506 1491 impune
1528 1429 1679 1491 pro-

67 1519 167 1583 bra
208 1519 279 1585 &
327 1505 644 1595 invidiam
680 1515 750 1582 in
784 1520 988 1585 bonos
1020 1520 1382 1597 excitandi,
1430 1532 1684 1605 arrepta

66 1632 339 1716 imagine
369 1617 712 1708 'Caesarisz
768 1632 1118 1715 libertique
1152 1635 1349 1698 etiarn
1384 1654 1459 1699 ac
1496 1636 1683 1711 servi,

67 1756 329 1827 patrono
359 1750 467 1815 vel
486 1746 771 1824 domino,
818 1765 972 1811 curn
996 1766 1209 1824 voceS,
1258 1768 1410 1815 curn
1446 1768 1683 1815 manus

69 1860 497 1938 intentarent,
558 1862 734 1926 ultro
773 1862 1257 1927 metuebantur.
1350 1864 1563 1946 Igitur
1604 1863 1679 1931 C.

73 1972 305 2041 Cestius
346 1976 601 2041 senator
628 1974 950 2040 differuit:
1001 1976 1391 2061 “Principes
1415 1980 1685 2061 quidem

69 2085 252 2153 instar
310 2092 586 2155 deorum
645 2087 770 2155 effe
790 2134 812 2166 ,
890 2088 996 2155 sed
1041 2109 1259 2173 neque
1299 2110 1340 2154 a
1380 2092 1523 2155 Diis
1566 2088 1686 2157 nifi

71 2198 254 2282 iustas
288 2203 656 2289 supplicum
685 2220 909 2285 preces
931 2203 1165 2281 audiri,
1210 2224 1423 2288 neque
1451 2224 1686 2289 quem-

75 2333 263 2397 quam
309 2318 384 2383 in
432 2315 826 2401 Capitolium
855 2361 878 2393 ,
945 2316 1157 2381 aliave
1202 2315 1399 2381 Urbis
1439 2320 1683 2403 templa

75 2434 444 2515 perfugere,
501 2438 584 2495 ut
611 2451 690 2495 eo
721 2428 992 2495 subfidio
1029 2430 1115 2493 ad
1148 2430 1399 2511 flagitia
1431 2439 1687 2495 utatur.

73 2543 362 2611 Abolitas
412 2545 652 2629 leges,⁸
688 2542 760 2609 &
803 2542 1104 2609 funditus
1149 2543 1395 2619 versas,
1456 2542 1574 2607 ubi
1616 2544 1689 2607 in

77 2656 208 2724 foro
226 2706 246 2738 ,
317 2662 388 2724 in
417 2660 643 2725 limine
687 2658 912 2723 curiae
937 2702 960 2735 ,
1019 2658 1101 2723 ab
1147 2656 1366 2721 Annia
1400 2655 1646 2721 Rufina
1662 2702 1689 2735 ,

81 2788 270 2852 quarn
300 2774 555 2841 fraudis
585 2772 698 2839 sub
729 2772 948 2855 judice
969 2768 1409 2863 damnavisset,
1453 2772 1691 2855 probra

81 2879 188 2951 fibi
220 2886 291 2953 &
327 2889 544 2953 minae
572 2888 1027 2964 intendantur,
1074 2906 1291 2971 neque
1305 2885 1432 2971 ipse
1450 2887 1691 2951 audeat

81 2994 178 3079 jus
221 3002 537 3086 experiri,
583 3003 664 3067 ob
704 2999 986 3083 effigiem
1031 3000 1451 3083 Imperatoris
1488 3018 1691 3081 eppo-.-

83 3106 257 3178 fitam
277 3120 338 3181 ”.
456 3116 656 3179 Haud
709 3113 1029 3181 diffimilia
1074 3116 1237 3193 alii,
1302 3114 1371 3179 ὅτ
1421 3108 1689 3195 quidam

88 3230 392 3294 atrociora
421 3228 1070 3313 circumstrepebant;
1128 3227 1689 3311 precabanturque

90 3335 390 3427 Drusum,
436 3349 480 3384 ‘⁴
493 3344 680 3411 daret
692 3342 962 3413 ultionis
977 3341 1351 3425 exemplum
1365 3341 1437 3403 ”2
1482 3338 1705 3427 donec,
