2134 3859
164 249 1097 339 AN.v.c.D'chxxx1v.
1144 251 1530 358 AER.C.31.
1585 288 1717 362 353

287 445 778 526 Pseudo-Drusus
815 445 981 524 apud
1002 447 1292 524 Cycladas
1322 452 1498 530 visus.

206 555 308 621 X.
344 558 484 622 'Per
518 559 692 623 idem
725 567 986 642 tempus
1028 557 1182 624 Asia
1218 568 1419 645 atque
1439 559 1703 630 *Achaia

69 672 440 736 exterritae
483 671 630 734 sunt
673 672 806 735 acri
843 673 1084 754 magis,
1142 692 1345 755 quam
1388 675 1703 744 diuturno

73 804 377 862 rumore,
427 784 793 862 “Drusum,
843 782 1212 850 Germanici
1238 785 1478 866 filium,
1524 791 1701 872 apud

71 898 411 982 Cycladas
442 897 705 975 insulaS,
749 918 904 963 mox
930 897 1000 962 in
1023 899 1385 967 continenti
1414 902 1699 970 visum”.

8 1061 10 1064 >
73 1013 164 1093 Et
191 1022 348 1076 erat
377 1011 630 1096 juvenis
663 1013 842 1077 haud
884 1013 1115 1097 dispari
1138 1021 1390 1093 aetate,
1437 1017 1701 1100 quibus-

74 1128 232 1189 dam
267 1127 558 1192 Caesaris
591 1126 870 1200 libertis,
919 1127 1101 1193 velut
1124 1131 1407 1210 agnitus»,
1439 1149 1555 1214 per
1570 1105 1697 1196 {io-

74 1241 366 1324 l-umque
409 1240 890 1304 comitantibus.
981 1240 1452 1306 Alliciebantur
1488 1245 1700 1326 ignari

71 1353 258 1418 fama
284 1353 592 1430 ῃοπιὶῃὶε,
621 1351 692 1416 &
709 1352 1022 1435 prompt-is
1043 1352 1443 1420 Graecorum
1466 1358 1701 1423 animis

78 1469 162 1531 ad
209 1487 390 1533 nova
437 1465 509 1530 δε
547 1467 750 1528 mira:
815 1467 1056 1550 quippe
1093 1471 1146 1561 .“
1161 1467 1451 1550 elapsum
1480 1441 1697 1534 custo-

77 1582 304 1657 diam,
367 1597 637 1661 pergere
685 1581 768 1644 ad
809 1587 1115 1663 paternos
1154 1555 1511 1660 exercitus}
1565 1583 1701 1655 Ae-

77 1703 372 1778 gyptum
421 1702 534 1755 aut
587 1681 849 1777 Syriam
883 1693 1327 1797 ⁴invasurum”
1374 1693 1703 1781 fingebant
1753 1775 1758 1779 ι

80 1805 334 1883 fimul,.
361 1805 864 1888 credebantque.
949 1807 1095 1882 Jam
1133 1806 1499 1888 juventutis
1545 1829 1702 1876 con-

83 1921 285 1986 cursu
300 1967 320 1998 ,
365 1918 501 2002 jam
523 1913 816 2002 'publicis
861 1918 1089 1984 studiis
1124 1921 1696 2005 frequentabatur,

81 2035 302 2099 laetus
334 2033 772 2116 praesentibus
799 2031 1179 2099 &inanium
1210 2036 1346 2120 spe3
1396 2033 1544 2100 cu'm
1581 2057 1702 2106 au-

82 2148 304 2212 ditum
344 2149 414 2212 id
459 2147 764 2230 Poppaeo,
806 2141 1064 2211 Sabino.
1173 2149 1241 2212 Is
1284 2150 1705 2214 Macedoniae

83 2267 228 2325 tum
291 2261 582 2324 intentus
609 2302 630 2336 ,
708 2257 1028 2324 Achaiam
1087 2280 1351 2346 quoque
1410 2263 1705 2331 curabat·

87 2373 341 2456 Igitur,
389 2392 520 2456 quo
565 2391 720 2438 vera
768 2371 882 2438 seu
927 2371 1083 2437 falsa
1129 2376 1439 2452 anteiret,
1487 2374 1706 2438 Toro-

86 2461 337 2553 naeum
375 2485 944 2569 Thermaeumque
975 2485 1187 2552 finum
1222 2487 1708 2572 praefestin.an5‚

81 2619 250 2664 mox
295 2585 634 2666 Euboeam
659 2648 679 2679 ,
738 2601 986 2684 Aegaei
1024 2603 1221 2666 maris
1264 2601 1568 2677 insulam,
1634 2598 1709 2665 δε
1788 2603 1797 2614 ’
1928 2669 1933 2676 ,

93 2713 438 2780 Piraeeum
506 2714 771 2779 Atticae
828 2735 1020 2794 orae,
1065 2717 1217 2780 dein
1270 2713 1711 2781 Corinthiense

95 2819 290 2906 litua,
339 2827 778 2912 angustiasque
825 2828 1048 2894 Isthmi
1093 2831 1349 2894 evadit:
1409 2829 1709 2912 marique

99 2940 229 3005 alio
278 2939 648 3026 Nicopolim
678 2990 697 3020 ‚
762 2941 1123 3007 Romanam
1178 2943 1543 3018 coloniam,
1604 2942 1709 3004 in·-
1806 2969 1813 2972 ·

102 3053 344 3137 gressus
364 3102 382 3133 ,
427 3056 519 3120 ibi
564 3057 826 3121 demum
865 3058 1186 3140 cognoscit
1205 3105 1225 3135 ,
1282 3057 1577 3121 solertius
1608 3055 1734 3116 in-,

103 3175 536 3252 terrogatum,
583 3172 934 3253 “quisnam
962 3173 1203 3249 foret'',
1251 3168 1509 3245 dixisse,
1558 3172 1601 3204 “
1615 3165 1711 3231 M.

108 3269 324 3346 Silano
360 3283 656 3366 genitum
680 3287 738 3366 '’,
784 3285 857 3353 &
902 3285 1131 3352 multis
1178 3281 1571 3351 sectatorum
1614 3279 1713 3354 di«.
1804 3265 1815 3272 ’

195 3396 258 3457 C.
286 3399 429 3460 Tac.
477 3395 562 3463 T.
583 3397 642 3465 I.
1308 3396 1363 3462 Z

1277 3582 1300 3629 λ
