2134 3859
448 213 580 286 252
735 190 1317 267 ANNALIVM
1372 194 1565 266 LIB.
1618 192 1710 267 V.

453 371 804 440 militarem
847 376 1193 458 pecuniam
1230 375 1424 442 rebus
1457 375 1647 440 novis
1660 349 2070 443 ‘obtulifl'e¹’=

450 489 606 555 huic
653 507 694 551 a
735 485 1061 572 Confidfm,
1123 497 1429 574 praetura
1468 485 1695 554 funEto
1716 531 1739 566 ,
1787 487 2073 570 objefitav

449 602 646 670 batur
674 601 911 666 “Aelii
938 600 1111 667 Galli
1146 601 1461 680 amicitia,
1510 603 1645 686 qui,
1689 602 1931 686 punito
1958 599 2071 664 Se-

361 729 368 736 ·
443 705 642 800 jano,'
691 715 762 778 in
791 716 1017 779 hortos
1049 716 1433 799 Pomponii,
1480 714 1658 802 quafi
1691 712 2067 778 fidiffimum

449 830 534 892 ad
561 827 921 907 subsidium,
966 828 1417 913 perfugiiset’n
1484 827 1721 912 Neque
1740 829 1925 892 aliud
1954 848 2063 912 pe·-

449 943 876 1008 riclitantibus
918 943 1147 1008 auxilii
1165 989 1185 1020 ,
1232 963 1431 1027 quam
1478 943 1549 1006 in
1590 945 1873 1008 fratrum
1912 961 2063 1005 con-

445 1055 674 1122 stantia
711 1028 876 1133 fuit,
925 1057 1042 1140 qui
1072 1060 1266 1122 vades
1296 1055 1633 1131 exstitere:
1658 1076 1875 1148 niort,
1926 1075 2063 1120 cre-

443 1169 577 1234 bris
625 1171 1098 1254 prolationibus
1124 1215 1145 1250 ,
1216 1172 1388 1255 spem
1449 1189 1523 1234 ac
1572 1180 1823 1242 metum
1874 1169 2062 1252 juxta

445 1272 755 1367 gravatus
785 1281 1100 1351 Vitellius
1132 1327 1151 1361 ,
1216 1287 1419 1368 petito
1458 1305 1573 1368 per
1606 1284 1884 1368 speciem
1926 1282 2059 1346 stu·-

443 1397 706 1462 diorum
741 1397 1022 1482 scalpro,
1081 1399 1292 1464 levem
1332 1397 1538 1463 ittam
1582 1399 1765 1463 venis
1809 1395 2058 1474 intulit,

411 1511 776 1602 -vitamque
799 1512 1203 1596 aegritudine
1232 1514 1431 1577 animi
1459 1511 1693 1576 finivit.
1752 1510 1848 1574 At
1864 1499 2055 1574 Pom-

441 1625 680 1708 ponius
699 1671 720 1702 ,
769 1628 980 1690 multa
1020 1644 1281 1690 morum
1324 1625 1646 1707 elegantia
1689 1623 1760 1710 ἃ
1796 1624 2055 1708 ingenio

439 1737 732 1814 inlustri,
779 1741 938 1802 dum
971 1738 1303 1804 adversam
1318 1741 1653 1804 fortunam
1676 1719 1933 1822 aeiluus
1952 1745 2053 1817 tof-

433 1849 634 1927 lerat,
683 1850 956 1928 Tiberia
981 1851 1291 1934 superstes
1320 1845 1473 1916 fu'it.

477 2013 482 2022 .
571 1963 699 2028 IX.
745 1964 1063 2028 Placitum
1108 1963 1402 2048 posthac,
1470 1970 1615 2029 “ut
1646 1964 1715 2030 in
1760 1962 2047 2047 reliquos

439 2075 654 2160 Sejani
719 2075 956 2142 liberos
1026 2080 1466 2144 adverteretur
1490 2080 1527 2106 ’'
1560 2098 1581 2156 ;
1654 2067 2051 2144 'vanescente

439 2175 839 2276 quamquam
862 2190 1066 2276 plebis
1092 2193 1209 2270 ira,
1256 2212 1333 2255 ac
1350 2190 1668 2276 plerisque
1689 2211 1807 2279 per
1830 2192 2049 2275 priora

433 2303 742 2389 supplicia
777 2305 1020 2370 lenitis.
1110 2307 1318 2388 Igitur
1350 2314 1689 2389 portantur
1726 2301 1796 2368 in
1830 2323 2048 2368 carce-

396 2454 402 2464 ,
435 2435 600 2498 rem,
646 2417 824 2484 filius
857 2419 1337 2484 imminentium
1366 2418 1773 2500 intelligenS,
1824 2418 2045 2502 puella

433 2534 600 2598 adeo
629 2513 874 2610 neseia,
919 2543 1000 2596 ut
1035 2534 1259 2598 crebro
1296 2534 1752 2615 interrogaret,
1802 2531 2041 2616 “quod
2115 2565 2123 2590 ⁴

341 2641 348 2648 '
433 2644 516 2710 ob
535 2627 871 2722 delibitum,
900 2644 1123 2728 &quo
1140 2645 1556 2711 traheretur?
1600 2626 1811 2727 neque
1829 2643 2041 2710 fastu-

427 2776 569 2842 ram
605 2759 782 2822 ultra
807 2761 866 2835 ”,
915 2757 1032 2836 δε,
1063 2814 1065 2817 .
1094 2757 1326 2844 “pofl‘e
1378 2759 1443 2840 se
1491 2758 1722 2842 puerili
1772 2759 2043 2823 verbere

426 2871 750 2935 moneri”.
843 2868 1146 2936 Tradunt
1180 2869 1488 2956 temporis
1532 2873 1671 2955 ejus
1706 2869 2042 2948 austoreS,

274 2985 284 2996 “
358 3012 370 3018 ’
426 2984 640 3066 “quia
689 2984 1079 3049 triumvirali
1141 2986 1446 3070 supplicio
1502 2983 1673 3048 affici
1714 2985 2041 3066 virginem

421 3097 792 3162 inauditum
819 3099 1221 3176 habebatur,
1268 3117 1306 3162 a
1340 3089 1669 3175 carnifice,
1718 3098 2043 3180 laqueum
2114 3129 2123 3158 ‹

421 3208 608 3291 juxta
625 3257 646 3288 ,
693 3202 1141 3295 comprefl'axn:
1192 3213 1339 3276 exin
1370 3201 1579 3276 oblifis
1606 3211 1939 3288 faucibuS,
1970 3209 2037 3274 id

421 3323 652 3386 aetatis
679 3342 950 3410 corpora
973 3325 1044 3388 in
1084 3323 1436 3390 Gemonias
1467 3322 1790 3408 abjeeta’n

1514 3431 1523 3443 '
1686 3431 1948 3515 Pseudo-

1212 3541 1217 3544 .
1325 3515 1341 3548 Ι
