2134 3859
916 169 920 174 .
1024 108 1029 117 ·
1141 79 1215 175 0

150 251 993 345 AN.V.C.DGCva11.
1043 251 1430 325 AEncmz.
1449 221 1556 348 1‘4.
1603 273 1696 350 75

37 437 475 522 probranteS.
568 433 891 500 Postremo
930 455 1007 498 eo
1040 434 1277 500 furoris
1311 453 1566 513 venere,
1611 445 1692 504 ut

46 562 187 620 tres
240 551 546 632 legiones
594 549 855 646 miscere
902 549 969 614 in
1020 567 1218 614 unam
1259 550 1688 631 agitaverintz

46 661 307 748 depulfi
340 665 793 737 aemulatione,
822 663 973 744 quia
998 662 1146 726 suae
1163 663 1426 746 quisque
1447 666 1688 747 legioni

48 799 207 847 eum
242 779 565 844 honorem
599 778 1022 860 quaerebant,
1083 777 1210 844 alio
1241 787 1534 858 vertunt,
1583 789 1686 846 at..

52 913 183 978 que
214 913 361 958 una
402 901 545 958 tres·
584 891 829 974 aquilas
868 889 939 956 &
973 888 1148 974 figna
1179 891 1542 958 cohortium
1585 896 1684 960 lo-

51 1013 209 1070 cant
228 1027 249 1073 z
270 1007 295 1022 “
326 1004 517 1072 fimul
564 1013 919 1088 congerunt
970 1005 1234 1090 cespites
1265 1051 1288 1084 ,
1353 1008 1690 1076 exstruunt

52 1121 397 1198 tribunal,
464 1139 591 1204 quo
639 1119 843 1204 magis
892 1119 1228 1204 conspicua
1261 1119 1438 1186 sedes
1489 1125 1682 1191 foret.

54 1236 571 1320 properantibus
610 1233 868 1303 Blaesus
915 1235 1213 1316 advenit3
1279 1237 1684 1322 increpabat-

56 1369 185 1436 que
202 1396 223 1428 ,
278 1369 357 1416 ac
376 1348 691 1416 retinebat
714 1347 1018 1432 finguloS,
1048 1349 1424 1417 clamitans:
1475 1358 1520 1391 ‘⁸
1537 1353 1685 1420 Men

56 1466 285 1550 potius
311 1465 505 1530 caede
542 1463 813 1530 imbuite
847 1481 1117 1528 manus:
1163 1463 1410 1530 leviore
1435 1463 1686 1548 flagitio·

58 1579 354 1664 legatum
404 1575 807 1643 interficietis
837 1621 858 1653 ,
921 1595 1116 1659 quam
1165 1579 1244 1644 ab
1297 1578 1688 1665 imperatore

65 1692 425 1760 desciscitis.
516 1693 656 1756 Aut
704 1690 1049 1756 incolumis
1104 1690 1302 1758 fidem
1355 1693 1684 1776 legionum

66 1806 355 1874 retinebo
386 1854 407 1885 ,
478 1817 591 1872 aut
618 1805 951 1891 jugulatus
988 1777 1451 1892 paenitentiam
1491 1811 1684 1877 adce-

66 1921 350 1986 lerabw

75 2055 107 2096 ι
187 2033 391 2102 ‘XIX-
452 2033 899 2116 Aggerebatur
957 2031 1378 2098 nihilominus
1433 2033 1682 2118 cespes,

70 2147 321 2234 jamque
349 2143 592 2231 pthori
615 2147 811 2231 usque
830 2149 1224 2222 adcreverat,
1253 2165 1403 2215 cum
1419 2149 1684 2214 tandem

72 2261 429 2346 pervicacia
459 2258 613 2327 vieti
639 2259 1009 2344 incoeptum
1042 2261 1334 2326 omisere.
1427 2262 1686 2326 Blaesus

74 2376 275 2440 multa
314 2375 563 2440 dicendi
592 2381 766 2450 arte,
812 2379 856 2410 “
877 2371 1027 2438 Non
1062 2393 1177 2457 per
1205 2373 1582 2440 seditionem
1611 2374 1712 2447 δε,

74 2481 287 2554 turbas
336 2485 639 2560 defideria
678 2487 959 2552 militum
994 2489 1075 2551 ad
1109 2485 1440 2552 Caesarem
1471 2459 1700 2552 feren!

74 2604 229 2678 da''‚
275 2602 402 2668 ait:
450 2607 729 2685 “neque
768 2606 1021 2666 veteres
1064 2599 1142 2663 ab
1191 2599 1700 2681 imperatoribus

69 2715 287 2798 priscis
311 2761 328 2791 ,
376 2735 587 2800 neque
622 2713 787 2798 ipsos
808 2731 845 2778 a
864 2712 1013 2778 divo
1038 2710 1328 2793 Augusto
1355 2721 1488 2776 tam
1515 2709 1703 2786 nova'

74 2827 391 2914 petivisse:
460 2829 529 2894 δε
578 2847 809 2912 parum
852 2827 920 2894 in
959 2835 1250 2911 tempore
1299 2827 1681 2912 incipientes

77 2942 375 3028 principis
403 2961 589 3006 curas
622 2941 897 3008 onerari.
1003 2939 1072 3004 Si
1099 2950 1317 3006 tamen
1346 2945 1688 3009 tenderent
1779 2951 1820 2991 ⁸·-

77 3055 141 3118 in
181 3073 329 3137 pace
369 3055 621 3121 tentaffle
656 3101 677 3133 ‚
745 3075 911 3141 quae
957 3075 1057 3126 ne,
1085 3055 1374 3120 civilium
1423 3055 1700 3138 quidem‘

79 3169 379 3234 bellorum
398 3167 675 3234 viffores
694 3168 1267 3250 expostulaverint3
1319 3189 1434 3232 cur
1458 3174 1682 3233 contra

82 3301 313 3347 rnorem
342 3275 659 3364 obsequii,
706 3289 933 3346 contra
961 3281 1059 3346 fas
1103 3281 1497 3366 disciplinae,
1547 3279 1683 3348 viru

90 3391 511 3460 meditentur?
569 3395 985 3462 decernerent
1024 3394 1272 3480 legatos
1284 3439 1307 3474 ‚
1355 3391 1544 3480 seque
1574 3409 1684 3495 oo·
