2134 3859
119 233 973 310 AN.V.C.DCCLXV11.
1017 236 1186 304 AER.
1206 233 1402 316 CHR.
1425 261 1532 326 14.
1589 244 1754 403 617

45 419 254 481 ticum
291 416 648 492 Tiberius»,
676 416 966 500 properis
1008 416 1231 479 matris
1259 417 1483 484 literis
1508 408 1695 505 acyliff:

51 540 181 595 tur:
235 550 471 613 neque
511 530 660 593 satis
686 538 1100 612 compertum
1142 529 1270 608 est,
1335 514 1677 617 spirantem

49 646 260 707 adhuc
287 642 660 726 Augustum
693 644 862 725 apud
890 639 1113 711 urbem
1146 642 1405 721 Nolam,
1450 666 1531 715 an
1562 668 1677 709 ex-

53 737 355 827 animem
400 757 730 840 repererit.
818 755 1098 829 Acribus
1142 776 1421 840 namque
1465 758 1675 823 custo-

49 872 164 933 diis
199 873 523 947 domum,
573 868 642 934 &
673 872 809 934 vias
834 870 1103 953 sepserat
1126 870 1345 935 Livia:
1394 872 1676 963 laetique

53 986 394 1049 interdum
421 984 632 1047 nuntii
665 985 1111 1066 vulgabantur‚
1160 978 1361 1053 donec
1386 984 1675 1067 provifiS‚

57 1119 214 1181 quae
277 1108 542 1181 tempus
580 1098 876 1161 monebat
889 1142 910 1189 ‚2
942 1094 1142 1162 'simul
1181 1096 1493 1163 exceffiffe
1528 1098 1669 1163 Au·-

55 1212 322 1294 gustum
342 1258 361 1287 ,
411 1210 480 1275 &
513 1230 734 1275 rerum
764 1210 959 1292 potiri
1001 1209 1329 1275 Neronem
1357 1214 1530 1277 fama
1560 1232 1669 1277 ea·-

57 1312 202 1388 dem.
231 1326 420 1389 tulit.

180 1437 322 1504 VI.
369 1438 655 1503 Primum
673 1437 924 1505 facinus
942 1437 1095 1501 novi
1106 1438 1497 1521 principatus
1522 1439 1671 1516 fuit,
1778 1426 1785 1433 ⁹

65 1552 356 1618 Postumi
406 1551 728 1635 Agrippae
784 1550 1058 1614 caedes:
1132 1570 1323 1643 quem
1376 1540 1671 1633 ignarum
1776 1590 1799 1603 -

30 1718 32 1721 ,
61 1650 542 1757 inermumque,⁸
587 1664 877 1747 quamvis
904 1662 1195 1727 firmatus
1220 1664 1455 1740 anime,
1504 1666 1671 1730 Cen-

64 1782 238 1843 turio
270 1798 456 1859 aegre
483 1778 778 1841 confecit.
855 1774 1035 1841 Nihil
1063 1780 1143 1843 de
1170 1798 1247 1842 ea
1274 1798 1341 1841 re
1369 1776 1673 1843 Tiberius

69 1894 243 1975 apud
279 1888 583 1955 Senatum
610 1888 910 1955 disseruit.
998 1890 1205 1955 Patris
1232 1889 1389 1975 juffa
1412 1890 1667 1957 fimula-

70 2008 210 2082 bat,
261 2005 491 2087 quibus
534 2001 1009 2087 praescripfifl'et
1049 2006 1307 2070 tribuno
1348 2003 1670 2069 custodiae

73 2116 352 2203 adposito
377 2163 396 2194 ,
444 2123 486 2153 ‘⁶
506 2137 588 2181 ne
615 2115 1041 2193 cunctaretur,
1074 2117 1427 2201 Agrippam
1458 2127 1667 2181 morte

73 2232 348 2297 adficere
378 2276 397 2307 ,
463 2233 842 2313 quandoque
898 2229 1026 2313 ipse
1069 2221 1442 2314 'supremum
1496 2232 1671 2296 diem

78 2344 443 2429 explevisset
469 2348 533 2407 ”.
650 2322 855 2407 Mfilta
914 2342 1044 2407 fine
1106 2345 1297 2408 dubio
1359 2344 1669 2431 saevaque

80 2458 398 2541 Augustus
445 2460 524 2521 de
573 2458 855 2521 moribus
909 2456 1322 2519 adolescentis
1376 2456 1669 2539 questuS,

84 2570 472 2659 vlt-exsilium
516 2569 650 2653 ejus
697 2566 1246 2633 senatusconsulto
1301 2568 1669 2643 sanciretur,

85 2687 458 2769 perfecerat:
505 2690 788 2747 ceterum
819 2682 886 2743 in
917 2680 1161 2743 nullius
1194 2700 1498 2763 umquam
1527 2679 1670 2744 suo-

90 2820 224 2863 rum
259 2818 484 2866 necem
527 2795 817 2860 duravit:
884 2813 1093 2877 neque
1126 2778 1407 2879 ¹mortem
1450 2798 1673 2880 nepoti

89 2932 196 2996 pro
219 2911 544 2977 securitate
558 2909 834 2993 privigni
855 2904 1140 2983 inlatam,
1190 2909 1489 2973 credibile
1506 2919 1668 2975 erat:

93 3024 335 3109 propius
383 3043 536 3087 vero
567 3069 586 3098 ,
634 3020 970 3087 Tiberium
1016 3041 1091 3084 ac
1134 3020 1419 3098 Liviam,
1483 3024 1673 3085 illum

95 3149 298 3217 metu,
340 3138 506 3204 hanc
538 3136 982 3199 novercalibus
1019 3135 1183 3198 odiis
1209 3180 1228 3211 ,
1290 3132 1553 3218 suspecti
1597 3134 1671 3199 δε

94 3250 258 3317 invifi
286 3250 535 3333 juvenis
567 3251 826 3329 caedem
857 3246 1255 3313 festinavisse.
1328 3245 1675 3315 Nuntianti

99 3364 470 3442 centurioni,
515 3372 591 3427 ut
633 3382 773 3443 mos
819 3361 1131 3439 militiae,
1177 3356 1482 3423 “saetam
1522 3356 1669 3437 efi'e,
