2134 3859
75 182 1461 351 ANssy.c.Dchxzx11..Euenum.
1509 260 1639 331 ,ος

45 426 278 508 egitque
321 427 548 503 grates
578 416 846 489 Fonteio
877 416 1207 503 Agrippae
1226 464 1249 498 ,
1308 418 1379 487 δι
1412 420 1643 487 Domi·

45 540 114 603 tio
143 533 462 609 Pollioni,
511 539 554 569 ‘⁶
573 534 746 630 quod
761 576 784 609 ,
830 528 1156 598 offerendo
1182 532 1387 616 filias,
1432 536 1514 599 de
1541 536 1643 601 of·

45 652 170 715 ficio
215 649 286 711 in
332 646 803 729 rempublicam
856 652 1179 711 certarent
1194 650 1259 711 ’'.
1350 646 1645 721 Praelata

45 763 117 831 est
141 759 458 834 Pollionis
483 757 617 823 filia
637 802 656 837 ‚
703 778 835 821 non
874 758 954 825 ob
983 760 1158 825 aliud
1177 807 1197 839 ,
1246 780 1440 844 quam
1472 762 1647 845 quod

45 886 228 941 mater
299 873 452 957 ejus
515 873 581 937 in
651 874 878 937 eodem
944 860 1242 957 conjugio
1304 876 1645 941 manebat:

45 1012 174 1059 nam
205 987 512 1071 Agrippa
557 984 816 1053 discidio
879 986 1145 1063 domum
1194 988 1645 1067 imminuerat,

45 1104 102 1169 &
131 1101 390 1179 Caesar,
449 1098 744 1184 quamvis
780 1096 1203 1183 posthabitam
1220 1146 1245 1181 ,
1286 1100 1513 1167 ,decies
1547 1100 1693 1186 soff,

45 1215 224 1307 stertii
257 1216 419 1290 dote
445 1213 682 1281 solatus
719 1212 831 1277 est.

159 1322 586 1393 LXXXVII.
633 1320 982 1403 Saevitiam
1007 1342 1299 1395 annonae
1322 1323 1647 1397 incusant·

45 1445 216 1530 plebe
235 1487 256 1519 ‚
303 1435 532 1507 statuit
571 1441 896 1507 frumento
936 1441 1217 1527 pretium
1233 1489 1254 1519 ,
1302 1445 1475 1526 quod
1514 1422 1657 1509 exn-⁰

49 1568 180 1645 ptor
214 1554 565 1639 penderet,
616 1553 980 1640 “binosque
1019 1574 1320 1648 nummos
1364 1539 1425 1620 se
1472 1542 1659 1623 addi-J

49 1678 254 1733 turum
299 1668 816 1751 negotiatoribus
873 1669 943 1733 in
991 1664 1275 1751 singulos
1316 1668 1569 1735 modios
1588 1672 1653 1734 ”-

57 1780 268 1865 Neque
314 1791 539 1854 tamen
589 1782 670 1846 ob
717 1800 794 1845 ea
833 1785 1114 1860 parentis
1140 1788 1391 1863 patriae
1410 1820 1433 1859 ,
1476 1784 1656 1849 dela·-

55 1905 182 1959 tum
215 1892 284 1959 &
315 1902 549 1973 antea,
608 1894 992 1961 vocabulum
1039 1892 1412 1979 adsumpfit,
1474 1916 1653 1961 acer-

59 2011 249 2091 beque
291 2007 616 2091 increpuit
665 2030 778 2073 eos
798 2056 818 2087 ,
883 2007 996 2091 qui
1041 2006 1281 2079 divinas
1316 2015 1655 2089 occupatio·

62 2143 182 2195 nes,
223 2122 560 2205 ipsumque
602 2120 904 2184 dominum
951 2120 1283 2183 dixerant:
1332 2124 1503 2213 unde
1539 2141 1660 2187 an·-

60 2232 224 2315 gusta
266 2232 340 2299 δε
376 2235 627 2303 lubrica
673 2233 878 2297 oratio
911 2232 1020 2297 sub
1061 2232 1391 2317 Principe,
1435 2234 1547 2317 qui
1576 2235 1658 2299 li·

65 2345 366 2412 bertatem
399 2348 729 2413 metuebat
747 2390 768 2425 ‚
816 2344 1251 2411 adulationem
1282 2348 1527 2411 oderat.

138 2465 454 2524 Arminius
504 2464 570 2521 in
626 2462 951 2521 Germania
995 2461 1387 2537 popularium
1442 2457 1573 2521 dolo

745 2558 964 2650 caesas.

182 2678 641 2749 LXXXVIII.
689 2681 964 2765 Reperio
996 2682 1168 2765 apud
1202 2676 1537 2764 scriptores
1572 2678 1690 2793 Γε·Ι

73 2798 436 2881 natoresque
499 2795 874 2861 eorumdem
929 2801 1297 2879 temporum
1324 2838 1345 2872 ,
1402 2796 1669 2881 Adgan*

77 2910 307 2988 destrii,
355 2910 662 2995 principis
703 2910 1036 2975 Cattorum
1056 2955 1077 2987 ‚
1112 2906 1320 2977 lestas
1350 2908 1418 2974 in'
1450 2910 1670 2975 senatu

77 3023 284 3090 literas
309 3070 331 3103 ,
389 3025 620 3108 quibus
663 3028 994 3089 “mortem
1025 3021 1309 3089 Arminii
1325 3023 1362 3050 ”
1402 3026 1672 3107 promit-

82 3137 276 3215 tebat,
339 3144 384 3177 “
409 3136 457 3201 fi
487 3140 834 3221 patrandae
868 3138 1014 3202 neci
1037 3156 1360 3206 venenum
1384 3137 1675 3201 mittere·-

85 3254 268 3317 tur”:
333 3252 823 3338 responsumque
848 3247 996 3332 effe,
1041 3255 1089 3288 “
1110 3268 1245 3318 non
1269 3250 1519 3331 fraude,
1560 3269 1675 3316 n·-
