<?xml version="1.0" encoding="UTF-8"?>
<!DOCTYPE html PUBLIC "-//W3C//DTD XHTML 1.0 Transitional//EN"
    "http://www.w3.org/TR/xhtml1/DTD/xhtml1-transitional.dtd">
<html xmlns="http://www.w3.org/1999/xhtml" xml:lang="en" lang="en">
 <head>
  <title>
</title>
<meta http-equiv="Content-Type" content="text/html;charset=utf-8" />
  <meta name='ocr-system' content='tesseract 3.04.00' />
  <meta name='ocr-capabilities' content='ocr_page ocr_carea ocr_par ocr_line ocrx_word'/>
</head>
<body>
  <div class='ocr_page' id='page_1' title='image "./ccorneliitactio00brotgoog_0027.png"; bbox 0 0 2134 3859; ppageno 0'>
   <div class='ocr_carea' id='block_1_1' title="bbox 1151 0 1960 5">
    <p class='ocr_par' dir='ltr' id='par_1_1' title="bbox 1151 0 1960 5">
     <span class='ocr_line' id='line_1_1' title="bbox 1151 0 1960 5; baseline 0 0"><span class='ocrx_word' id='word_1_1' title='bbox 1151 0 1960 5; x_wconf 95' lang='lat' dir='ltr'><strong> </strong></span> 
     </span>
    </p>
   </div>
   <div class='ocr_carea' id='block_1_2' title="bbox 553 238 1909 363">
    <p class='ocr_par' dir='ltr' id='par_1_2' title="bbox 553 238 1909 363">
     <span class='ocr_line' id='line_1_2' title="bbox 553 238 1909 363; baseline 0.004 -42"><span class='ocrx_word' id='word_1_2' title='bbox 553 238 1339 323; x_wconf 86' lang='lat' dir='ltr'>PRAEFATIO</span> <span class='ocrx_word' id='word_1_3' title='bbox 1630 260 1749 349; x_wconf 81' lang='lat'><strong>&#39;15</strong></span> <span class='ocrx_word' id='word_1_4' title='bbox 1903 356 1909 363; x_wconf 14' lang='grc' dir='ltr'><strong><em>ἡ</em></strong></span> 
     </span>
    </p>
   </div>
   <div class='ocr_carea' id='block_1_3' title="bbox 84 434 1749 673">
    <p class='ocr_par' dir='ltr' id='par_1_3' title="bbox 84 434 1749 673">
     <span class='ocr_line' id='line_1_3' title="bbox 91 434 1749 541; baseline 0.006 -30"><span class='ocrx_word' id='word_1_5' title='bbox 91 434 434 513; x_wconf 81' lang='lat' dir='ltr'><strong>fatuavit</strong></span> <span class='ocrx_word' id='word_1_6' title='bbox 453 466 488 541; x_wconf 72' lang='grc' dir='ltr'><strong>ς</strong></span> <span class='ocrx_word' id='word_1_7' title='bbox 578 438 746 513; x_wconf 88' lang='lat' dir='ltr'><strong>sane</strong></span> <span class='ocrx_word' id='word_1_8' title='bbox 820 437 1167 517; x_wconf 84' lang='lat' dir='ltr'><strong>adversus</strong></span> <span class='ocrx_word' id='word_1_9' title='bbox 1228 436 1389 538; x_wconf 77' lang='lat' dir='ltr'><strong>Caii</strong></span> <span class='ocrx_word' id='word_1_10' title='bbox 1462 440 1749 521; x_wconf 84' lang='lat' dir='ltr'><strong>furores</strong></span> 
     </span>
     <span class='ocr_line' id='line_1_4' title="bbox 84 573 1745 673; baseline 0.008 -26"><span class='ocrx_word' id='word_1_11' title='bbox 84 598 339 673; x_wconf 84' lang='lat' dir='ltr'><strong>aeque</strong></span> <span class='ocrx_word' id='word_1_12' title='bbox 403 576 818 659; x_wconf 81' lang='lat' dir='ltr'><strong>animosus,</strong></span> <span class='ocrx_word' id='word_1_13' title='bbox 923 573 1070 669; x_wconf 85' lang='lat' dir='ltr'><strong>At,</strong></span> <span class='ocrx_word' id='word_1_14' title='bbox 1126 578 1324 652; x_wconf 87' lang='lat' dir='ltr'><strong>utin</strong></span> <span class='ocrx_word' id='word_1_15' title='bbox 1364 578 1745 672; x_wconf 83' lang='lat' dir='ltr'><strong>Historiis,</strong></span> 
     </span>
    </p>
   </div>
   <div class='ocr_carea' id='block_1_4' title="bbox 78 712 1867 818">
    <p class='ocr_par' dir='ltr' id='par_1_4' title="bbox 78 712 1867 818">
     <span class='ocr_line' id='line_1_5' title="bbox 78 712 1867 818; baseline 0.004 -31"><span class='ocrx_word' id='word_1_16' title='bbox 78 712 188 789; x_wconf 89' lang='lat' dir='ltr'><strong>ita</strong></span> <span class='ocrx_word' id='word_1_17' title='bbox 224 713 312 791; x_wconf 73' lang='grc' dir='ltr'><strong>δι</strong></span> <span class='ocrx_word' id='word_1_18' title='bbox 361 716 460 792; x_wconf 89' lang='lat' dir='ltr'><strong>in</strong></span> <span class='ocrx_word' id='word_1_19' title='bbox 487 716 900 795; x_wconf 87' lang='lat' dir='ltr'><strong>Annalibus</strong></span> <span class='ocrx_word' id='word_1_20' title='bbox 927 718 1167 792; x_wconf 87' lang='lat' dir='ltr'><strong>multa</strong></span> <span class='ocrx_word' id='word_1_21' title='bbox 1201 715 1585 818; x_wconf 71' lang='lat' dir='ltr'>absumpsit</span> <span class='ocrx_word' id='word_1_22' title='bbox 1615 744 1745 797; x_wconf 75' lang='lat' dir='ltr'><strong>vo·</strong></span> <span class='ocrx_word' id='word_1_23' title='bbox 1858 784 1867 795; x_wconf 87' lang='lat'><em>.</em></span> 
     </span>
    </p>
   </div>
   <div class='ocr_carea' id='block_1_5' title="bbox 77 855 1846 3324">
    <p class='ocr_par' dir='ltr' id='par_1_5' title="bbox 77 855 1125 955">
     <span class='ocr_line' id='line_1_6' title="bbox 77 855 1125 955; baseline 0.005 -29"><span class='ocrx_word' id='word_1_24' title='bbox 77 872 217 930; x_wconf 85' lang='lat' dir='ltr'><strong>rax</strong></span> <span class='ocrx_word' id='word_1_25' title='bbox 260 866 723 955; x_wconf 83' lang='lat' dir='ltr'><strong>temporum</strong></span> <span class='ocrx_word' id='word_1_26' title='bbox 769 855 1125 939; x_wconf 82' lang='lat' dir='ltr'>edacitas,</span> 
     </span>
    </p>

    <p class='ocr_par' dir='ltr' id='par_1_6' title="bbox 78 992 1746 2207">
     <span class='ocr_line' id='line_1_7' title="bbox 197 992 1746 1097; baseline 0.001 -29"><span class='ocrx_word' id='word_1_27' title='bbox 197 994 336 1068; x_wconf 84' lang='lat' dir='ltr'><strong>Ea</strong></span> <span class='ocrx_word' id='word_1_28' title='bbox 375 1018 564 1071; x_wconf 87' lang='lat' dir='ltr'><strong>cum</strong></span> <span class='ocrx_word' id='word_1_29' title='bbox 606 1007 1114 1097; x_wconf 78' lang='lat' dir='ltr'><strong>componeret,</strong></span> <span class='ocrx_word' id='word_1_30' title='bbox 1157 992 1470 1092; x_wconf 88' lang='lat' dir='ltr'><strong>Augusti</strong></span> <span class='ocrx_word' id='word_1_31' title='bbox 1486 995 1746 1076; x_wconf 65' lang='lat' dir='ltr'><strong>Annaa</strong></span> 
     </span>
     <span class='ocr_line' id='line_1_8' title="bbox 78 1108 1743 1239; baseline 0.001 -34"><span class='ocrx_word' id='word_1_32' title='bbox 78 1128 194 1206; x_wconf 89' lang='lat' dir='ltr'><strong>les</strong></span> <span class='ocrx_word' id='word_1_33' title='bbox 245 1131 688 1239; x_wconf 85' lang='lat' dir='ltr'><strong>meditatus</strong></span> <span class='ocrx_word' id='word_1_34' title='bbox 745 1132 846 1207; x_wconf 86' lang='lat' dir='ltr'><strong>est</strong></span> <span class='ocrx_word' id='word_1_35' title='bbox 879 1136 986 1233; x_wconf 80' lang='lat' dir='ltr'><strong>c):</strong></span> <span class='ocrx_word' id='word_1_36' title='bbox 1048 1108 1527 1231; x_wconf 81' lang='lat' dir='ltr'><strong>magnificum</strong></span> <span class='ocrx_word' id='word_1_37' title='bbox 1580 1139 1743 1237; x_wconf 88' lang='lat' dir='ltr'><strong>dig..</strong></span> 
     </span>
     <span class='ocr_line' id='line_1_9' title="bbox 81 1273 1745 1383; baseline 0.002 -39"><span class='ocrx_word' id='word_1_38' title='bbox 81 1294 462 1371; x_wconf 87' lang='lat' dir='ltr'><strong>numque</strong></span> <span class='ocrx_word' id='word_1_39' title='bbox 514 1273 768 1351; x_wconf 89' lang='lat' dir='ltr'><strong>Tacito</strong></span> <span class='ocrx_word' id='word_1_40' title='bbox 807 1286 1377 1383; x_wconf 78' lang='lat' dir='ltr'><strong>argumentum3</strong></span> <span class='ocrx_word' id='word_1_41' title='bbox 1436 1273 1562 1374; x_wconf 89' lang='lat' dir='ltr'><strong>qui</strong></span> <span class='ocrx_word' id='word_1_42' title='bbox 1600 1276 1745 1353; x_wconf 86' lang='lat' dir='ltr'><strong>rei.</strong></span> 
     </span>
     <span class='ocr_line' id='line_1_10' title="bbox 83 1408 1743 1511; baseline 0.004 -27"><span class='ocrx_word' id='word_1_43' title='bbox 83 1410 462 1508; x_wconf 85' lang='lat' dir='ltr'><strong>publicae</strong></span> <span class='ocrx_word' id='word_1_44' title='bbox 497 1408 768 1506; x_wconf 85' lang='lat' dir='ltr'><strong>finem,</strong></span> <span class='ocrx_word' id='word_1_45' title='bbox 839 1426 1085 1485; x_wconf 88' lang='lat' dir='ltr'><strong>ortum</strong></span> <span class='ocrx_word' id='word_1_46' title='bbox 1121 1410 1446 1511; x_wconf 85' lang='lat' dir='ltr'><strong>imperii,</strong></span> <span class='ocrx_word' id='word_1_47' title='bbox 1498 1416 1743 1491; x_wconf 80' lang='lat' dir='ltr'><strong>versos</strong></span> 
     </span>
     <span class='ocr_line' id='line_1_11' title="bbox 90 1548 1739 1643; baseline 0.004 -20"><span class='ocrx_word' id='word_1_48' title='bbox 90 1569 376 1642; x_wconf 74' lang='lat' dir='ltr'><strong>rnores</strong></span> <span class='ocrx_word' id='word_1_49' title='bbox 418 1606 441 1643; x_wconf 91' lang='lat'><strong>,</strong></span> <span class='ocrx_word' id='word_1_50' title='bbox 493 1562 872 1626; x_wconf 87' lang='lat' dir='ltr'><strong>tantarum</strong></span> <span class='ocrx_word' id='word_1_51' title='bbox 920 1567 1168 1623; x_wconf 87' lang='lat' dir='ltr'><strong>rerum</strong></span> <span class='ocrx_word' id='word_1_52' title='bbox 1216 1548 1471 1627; x_wconf 83' lang='lat' dir='ltr'>causas</span> <span class='ocrx_word' id='word_1_53' title='bbox 1499 1610 1518 1643; x_wconf 93' lang='lat'>‚</span> <span class='ocrx_word' id='word_1_54' title='bbox 1578 1550 1739 1629; x_wconf 84' lang='lat' dir='ltr'><strong>Au-</strong></span> 
     </span>
     <span class='ocr_line' id='line_1_12' title="bbox 92 1686 1733 1789; baseline 0.001 -24"><span class='ocrx_word' id='word_1_55' title='bbox 92 1686 542 1781; x_wconf 81' lang='lat' dir='ltr'><strong>gustumiis</strong></span> <span class='ocrx_word' id='word_1_56' title='bbox 587 1690 889 1789; x_wconf 88' lang='lat' dir='ltr'><strong>quidem</strong></span> <span class='ocrx_word' id='word_1_57' title='bbox 932 1687 1319 1763; x_wconf 84' lang='lat' dir='ltr'><strong>movendis</strong></span> <span class='ocrx_word' id='word_1_58' title='bbox 1350 1686 1733 1788; x_wconf 84' lang='lat' dir='ltr'><strong>imparem,</strong></span> 
     </span>
     <span class='ocr_line' id='line_1_13' title="bbox 93 1821 1732 1923; baseline 0.005 -24"><span class='ocrx_word' id='word_1_59' title='bbox 93 1821 230 1902; x_wconf 86' lang='lat' dir='ltr'><strong>sed</strong></span> <span class='ocrx_word' id='word_1_60' title='bbox 309 1826 537 1903; x_wconf 87' lang='lat' dir='ltr'>semel</span> <span class='ocrx_word' id='word_1_61' title='bbox 607 1842 853 1905; x_wconf 86' lang='lat' dir='ltr'><strong>motas</strong></span> <span class='ocrx_word' id='word_1_62' title='bbox 911 1824 1325 1901; x_wconf 84' lang='lat' dir='ltr'><strong>sustinendo</strong></span> <span class='ocrx_word' id='word_1_63' title='bbox 1386 1827 1732 1923; x_wconf 84' lang='lat' dir='ltr'><strong>habilem,</strong></span> 
     </span>
     <span class='ocr_line' id='line_1_14' title="bbox 99 1963 1735 2075; baseline 0 -37"><span class='ocrx_word' id='word_1_64' title='bbox 99 1964 586 2063; x_wconf 81' lang='lat' dir='ltr'><strong>plurimaque</strong></span> <span class='ocrx_word' id='word_1_65' title='bbox 619 1980 776 2045; x_wconf 86' lang='lat' dir='ltr'><strong>arte</strong></span> <span class='ocrx_word' id='word_1_66' title='bbox 813 1964 1189 2067; x_wconf 83' lang='lat' dir='ltr'><strong>publicum</strong></span> <span class='ocrx_word' id='word_1_67' title='bbox 1230 1963 1605 2075; x_wconf 74' lang='lat' dir='ltr'><strong>servitium</strong></span> <span class='ocrx_word' id='word_1_68' title='bbox 1644 1966 1735 2043; x_wconf 78' lang='lat' dir='ltr'><strong>li.</strong></span> 
     </span>
     <span class='ocr_line' id='line_1_15' title="bbox 101 2077 1672 2207; baseline 0.003 -28"><span class='ocrx_word' id='word_1_69' title='bbox 101 2101 425 2181; x_wconf 85' lang='lat' dir='ltr'><strong>bertatis</strong></span> <span class='ocrx_word' id='word_1_70' title='bbox 461 2103 692 2205; x_wconf 84' lang='lat' dir='ltr'>specie</span> <span class='ocrx_word' id='word_1_71' title='bbox 730 2102 1184 2185; x_wconf 81' lang='lat' dir='ltr'><strong>mollientem</strong></span> <span class='ocrx_word' id='word_1_72' title='bbox 1223 2077 1672 2207; x_wconf 75' lang='lat' dir='ltr'><strong>expreffiffet.</strong></span> 
     </span>
    </p>

    <p class='ocr_par' dir='ltr' id='par_1_7' title="bbox 105 2238 1781 3022">
     <span class='ocr_line' id='line_1_16' title="bbox 225 2238 1729 2344; baseline 0 -23"><span class='ocrx_word' id='word_1_73' title='bbox 225 2241 398 2321; x_wconf 90' lang='lat' dir='ltr'><strong>Post</strong></span> <span class='ocrx_word' id='word_1_74' title='bbox 417 2256 530 2321; x_wconf 84' lang='lat' dir='ltr'><strong>tot</strong></span> <span class='ocrx_word' id='word_1_75' title='bbox 566 2243 850 2321; x_wconf 85' lang='lat' dir='ltr'><strong>labores</strong></span> <span class='ocrx_word' id='word_1_76' title='bbox 872 2302 891 2334; x_wconf 90' lang='lat'>‚</span> <span class='ocrx_word' id='word_1_77' title='bbox 931 2240 1309 2320; x_wconf 86' lang='lat' dir='ltr'><strong>tradendis</strong></span> <span class='ocrx_word' id='word_1_78' title='bbox 1338 2238 1729 2344; x_wconf 81' lang='lat' dir='ltr'><strong>superioris</strong></span> 
     </span>
     <span class='ocr_line' id='line_1_17' title="bbox 105 2380 1781 2483; baseline -0.002 -27"><span class='ocrx_word' id='word_1_79' title='bbox 105 2381 286 2460; x_wconf 82' lang='lat' dir='ltr'><strong>aevi</strong></span> <span class='ocrx_word' id='word_1_80' title='bbox 317 2384 538 2459; x_wconf 87' lang='lat' dir='ltr'><strong>rebus</strong></span> <span class='ocrx_word' id='word_1_81' title='bbox 568 2380 954 2483; x_wconf 84' lang='lat' dir='ltr'><strong>impensos,</strong></span> <span class='ocrx_word' id='word_1_82' title='bbox 991 2396 1311 2459; x_wconf 86' lang='lat' dir='ltr'><strong>aetatem</strong></span> <span class='ocrx_word' id='word_1_83' title='bbox 1339 2380 1539 2459; x_wconf 84' lang='lat' dir='ltr'><strong>suam</strong></span> <span class='ocrx_word' id='word_1_84' title='bbox 1567 2397 1728 2462; x_wconf 84' lang='lat' dir='ltr'><strong>erat</strong></span> <span class='ocrx_word' id='word_1_85' title='bbox 1746 2380 1781 2452; x_wconf 55' lang='grc' dir='ltr'><strong>ς’·</strong></span> 
     </span>
     <span class='ocr_line' id='line_1_18' title="bbox 110 2518 1773 2624; baseline 0.001 -29"><span class='ocrx_word' id='word_1_86' title='bbox 110 2522 604 2624; x_wconf 79' lang='lat' dir='ltr'><strong>repetituruS,</strong></span> <span class='ocrx_word' id='word_1_87' title='bbox 655 2537 742 2597; x_wconf 90' lang='lat' dir='ltr'><strong>ut</strong></span> <span class='ocrx_word' id='word_1_88' title='bbox 776 2542 970 2597; x_wconf 88' lang='lat' dir='ltr'><strong>nova</strong></span> <span class='ocrx_word' id='word_1_89' title='bbox 992 2518 1066 2597; x_wconf 88' lang='lat'>&amp;</span> <span class='ocrx_word' id='word_1_90' title='bbox 1093 2519 1495 2619; x_wconf 86' lang='lat' dir='ltr'><strong>praesentia</strong></span> <span class='ocrx_word' id='word_1_91' title='bbox 1529 2521 1773 2604; x_wconf 71' lang='lat' dir='ltr'><strong>bona1</strong></span> 
     </span>
     <span class='ocr_line' id='line_1_19' title="bbox 114 2654 1727 2757; baseline -0.001 -23"><span class='ocrx_word' id='word_1_92' title='bbox 114 2658 538 2737; x_wconf 73' lang='lat' dir='ltr'><strong>aeternitati</strong></span> <span class='ocrx_word' id='word_1_93' title='bbox 591 2656 1038 2737; x_wconf 82' lang='lat' dir='ltr'><strong>consecraret</strong></span> <span class='ocrx_word' id='word_1_94' title='bbox 1069 2718 1089 2751; x_wconf 92' lang='lat'>‚</span> <span class='ocrx_word' id='word_1_95' title='bbox 1149 2680 1236 2735; x_wconf 87' lang='lat' dir='ltr'><strong>ac</strong></span> <span class='ocrx_word' id='word_1_96' title='bbox 1264 2714 1286 2752; x_wconf 87' lang='lat'>‚</span> <span class='ocrx_word' id='word_1_97' title='bbox 1340 2675 1469 2757; x_wconf 86' lang='lat' dir='ltr'><strong>pro</strong></span> <span class='ocrx_word' id='word_1_98' title='bbox 1532 2654 1727 2735; x_wconf 85' lang='lat' dir='ltr'><strong>virili</strong></span> 
     </span>
     <span class='ocr_line' id='line_1_20' title="bbox 113 2791 1725 2899; baseline -0.001 -22"><span class='ocrx_word' id='word_1_99' title='bbox 113 2799 491 2899; x_wconf 84' lang='lat' dir='ltr'><strong>portione,</strong></span> <span class='ocrx_word' id='word_1_100' title='bbox 531 2796 990 2897; x_wconf 86' lang='lat' dir='ltr'><strong>sequentium</strong></span> <span class='ocrx_word' id='word_1_101' title='bbox 1025 2794 1439 2897; x_wconf 89' lang='lat' dir='ltr'><strong>Principum</strong></span> <span class='ocrx_word' id='word_1_102' title='bbox 1468 2791 1725 2875; x_wconf 84' lang='lat' dir='ltr'><strong>aemu-</strong></span> 
     </span>
     <span class='ocr_line' id='line_1_21' title="bbox 115 2930 1723 3022; baseline 0 -9"><span class='ocrx_word' id='word_1_103' title='bbox 115 2937 274 3018; x_wconf 86' lang='lat' dir='ltr'><strong>latu</strong></span> <span class='ocrx_word' id='word_1_104' title='bbox 332 2939 818 3019; x_wconf 86' lang='lat' dir='ltr'><strong>continuaret.</strong></span> <span class='ocrx_word' id='word_1_105' title='bbox 843 2930 871 2957; x_wconf 74' lang='lat'><em>⁶</em></span> <span class='ocrx_word' id='word_1_106' title='bbox 910 2935 1157 3022; x_wconf 86' lang='lat' dir='ltr'><strong>Nerva</strong></span> <span class='ocrx_word' id='word_1_107' title='bbox 1209 2934 1409 3013; x_wconf 84' lang='lat' dir='ltr'><strong>enim</strong></span> <span class='ocrx_word' id='word_1_108' title='bbox 1455 2937 1723 3014; x_wconf 85' lang='lat' dir='ltr'><strong>Caesar</strong></span> 
     </span>
    </p>

    <p class='ocr_par' dir='ltr' id='par_1_8' title="bbox 121 3070 1846 3324">
     <span class='ocr_line' id='line_1_22' title="bbox 121 3070 1846 3181; baseline -0.001 -31"><span class='ocrx_word' id='word_1_109' title='bbox 121 3097 237 3181; x_wconf 54' lang='lat' dir='ltr'><strong>ras</strong></span> <span class='ocrx_word' id='word_1_110' title='bbox 283 3078 461 3155; x_wconf 77' lang='lat' dir='ltr'><strong>olim</strong></span> <span class='ocrx_word' id='word_1_111' title='bbox 508 3074 1008 3155; x_wconf 87' lang='lat' dir='ltr'><strong>dissociabiles·</strong></span> <span class='ocrx_word' id='word_1_112' title='bbox 1033 3070 1460 3169; x_wconf 85' lang='lat' dir='ltr'><strong>miscuerat,</strong></span> <span class='ocrx_word' id='word_1_113' title='bbox 1517 3074 1719 3175; x_wconf 80' lang='lat' dir='ltr'><strong>prin·</strong></span> <span class='ocrx_word' id='word_1_114' title='bbox 1838 3101 1846 3104; x_wconf 93' lang='lat'>·</span> 
     </span>
     <span class='ocr_line' id='line_1_23' title="bbox 124 3208 1721 3324; baseline -0.004 -29"><span class='ocrx_word' id='word_1_115' title='bbox 124 3217 441 3318; x_wconf 78' lang='lat' dir='ltr'><strong>cipatum</strong></span> <span class='ocrx_word' id='word_1_116' title='bbox 479 3240 567 3293; x_wconf 87' lang='lat' dir='ltr'><strong>ac</strong></span> <span class='ocrx_word' id='word_1_117' title='bbox 605 3214 1042 3321; x_wconf 85' lang='lat' dir='ltr'><strong>libertatem.</strong></span> <span class='ocrx_word' id='word_1_118' title='bbox 1138 3212 1517 3324; x_wconf 76' lang='lat' dir='ltr'><strong>Publicam</strong></span> <span class='ocrx_word' id='word_1_119' title='bbox 1557 3208 1721 3318; x_wconf 65' lang='lat' dir='ltr'><strong>seii.</strong></span> 
     </span>
    </p>
   </div>
   <div class='ocr_carea' id='block_1_6' title="bbox 191 3388 1014 3480">
    <p class='ocr_par' dir='ltr' id='par_1_9' title="bbox 191 3388 1014 3480">
     <span class='ocr_line' id='line_1_24' title="bbox 191 3388 1014 3480; baseline 0.022 -37"><span class='ocrx_word' id='word_1_120' title='bbox 191 3388 230 3466; x_wconf 75' lang='lat' dir='ltr'><strong>c)</strong></span> <span class='ocrx_word' id='word_1_121' title='bbox 267 3394 436 3449; x_wconf 78' lang='lat' dir='ltr'><strong>Tacit.</strong></span> <span class='ocrx_word' id='word_1_122' title='bbox 467 3393 660 3451; x_wconf 62' lang='lat' dir='ltr'><strong>Amul·</strong></span> <span class='ocrx_word' id='word_1_123' title='bbox 689 3396 798 3456; x_wconf 77' lang='lat'><em>1112</em></span> <span class='ocrx_word' id='word_1_124' title='bbox 836 3402 906 3461; x_wconf 71' lang='lat'><strong>24</strong></span> <span class='ocrx_word' id='word_1_125' title='bbox 1005 3472 1014 3480; x_wconf 29' lang='grc' dir='ltr'>ι</span> 
     </span>
    </p>
   </div>
  </div>
 </body>
</html>
