2134 3859
434 277 571 351 314
653 276 662 284 ·
730 227 1310 322 ANNALIVM
1363 247 1560 318 LI-B.
1609 247 1754 319 1v.

438 433 745 502 trimonio
762 479 783 510 ,
830 429 937 496 sed
968 428 1164 493 altius
1200 433 1494 491 metuens
1513 472 1532 502 ,
1579 407 1846 492 “tacita
1869 427 2069 512 suspi-

381 590 391 610 ι
432 555 697 616 cionum
717 593 737 625 ‚
787 543 963 626 vulgi
1003 561 1332 607 rumorem
1352 584 1371 617 ‚
1431 541 1852 623 ingruentem
1895 543 2067 607 invi-

433 667 607 732 diam
622 666 661 690 '⁹
710 664 1111 742 deprecatur.
1157 689 1173 702 ‘
1203 654 1304 744 Ap
1351 675 1432 718 ne
1479 652 1776 720 adsiduos
1828 657 1902 720 in
1949 661 2066 721 do-

430 800 614 844 mum
646 783 867 838 coetus
898 771 1176 836 arcendo
1195 815 1214 844 ‚
1261 770 1642 860 infringeret
1663 771 2060 853 potentiam,

433 901 547 960 aut
610 888 990 971 receptando
1027 929 1047 961 ‚
1120 885 1498 948 facultatem
1557 885 2060 949 criminantibus

428 1005 797 1095 praeberet3
840 1001 969 1066 huc
996 997 1202 1073 flexit,
1247 1005 1323 1060 ut
1354 995 1692 1061 Tiberium
1716 999 1802 1062 ad
1823 999 2056 1076 vitam,

428 1118 653 1208 procul
682 1115 926 1191 Roma,
972 1112 1261 1178 amoenis
1291 1110 1451 1174 locis
1485 1113 1882 1194 degendam,
1933 1113 2061 1176 im-

426 1235 719 1320 pelleret.
809 1229 1015 1294 Multa
1065 1225 1301 1310 quippe
1346 1227 1759 1309 providebat:
1825 1225 1945 1290 sua
1988 1228 2055 1290 in
2115 1193 2132 1497 Ι

389 1337 623 1415 'manu
666 1345 877 1410 aditus
895 1389 914 1419 ,
956 1341 1415 1423 literarumque
1455 1359 1690 1422 magna
1737 1363 1822 1405 ex
1860 1350 2052 1425 parte

424 1461 489 1528 se
529 1462 839 1526 arbitrum
878 1459 1019 1523 fore
1039 1501 1059 1532 ,
1113 1458 1266 1520 'curn
1297 1472 1412 1538 per
1442 1453 1682 1518 milites
1711 1475 2053 1520 commea-

421 1584 603 1642 rent:
650 1593 804 1638 mox
846 1569 1177 1638 Caesarem
1197 1614 1214 1644 ,
1263 1576 1565 1650 vergente
1599 1567 1739 1648 jam
1762 1567 2051 1646 senecta,

418 1691 789 1770 secretoque
823 1685 951 1749 loci
983 1682 1302 1748 mollitum
1321 1728 1340 1759 ,
1391 1683 1611 1746 munia
1642 1683 1902 1766 imperii
1945 1685 2049 1748 fa·-

421 1803 609 1868 cilius
653 1795 1122 1862 tramifl‘urutn:
1169 1793 1240 1860 δε
1286 1795 1490 1860 minui
1535 1793 1649 1860 fibi
1697 1797 2047 1875 iuvidiam,

418 1917 717 1998 adempta
762 1911 1146 1976 salutantum
1172 1910 1426 1985 *turba3
1475 1909 1856 1993 sublatisque
1894 1911 2050 1974 ina-

386 2029 641 2104 ·nibuS,
684 2043 837 2090 vera
868 2022 1158 2108 potentia
1193 2041 1452 2104 augere.
1543 2024 1750 2106 Igitur
1778 2025 2047 2106 paulla-
2107 2046 2120 2083 ι

408 2144 531 2208 tim
556 2138 814 2221 negotia
836 2119 1065 2211 Unus,
1114 2137 1340 2221 populi
1371 2137 1693 2213 adcursus,
1729 2139 2044 2203 multitu-

410 2257 627 2322 dinem
670 2250 1094 2316 adfluentium
1113 2229 1426 2334 ‘increpat
1448 2295 1468 2327 ‚
1531 2251 1848 2316 extollens
1884 2236 2045 2317 lau-

406 2369 595 2436 dibus
630 2350 981 2450 “quietem
1019 2361 1091 2428 ὅτ
1142 2362 1588 2430 solitudinemt
1634 2364 1780 2448 quis
1815 2365 2038 2431 abefl‘e

274 2499 281 2509 ·
402 2483 619 2548 taedia
668 2479 739 2547 δε
796 2476 1172 2543 offenfiones
1194 2523 1214 2554 ,
1283 2494 1358 2541 ac
1410 2479 1760 2564 praecipua
1801 2500 2030 2544 rerum

403 2597 685 2662 maxime
719 2593 1021 2676 agitari&

509 2709 750 2774 XLII.
811 2707 911 2770 Ac
958 2705 1126 2769 forte
1171 2705 1390 2771 habita
1421 2724 1538 2788 per
1571 2706 1720 2770 illos
1757 2707 1900 2771 dies
1939 2709 2024 2771 de

398 2817 683 2887 Votieno
740 2821 1101 2894 Montano,
1191 2819 1461 2884 celebris
1531 2797 1774 2902 ingenii
1833 2819 2016 2899 vir'o,

396 2933 677 3016 cognitio
722 2930 1135 2997 cunstantem
1179 2932 1313 3014 jam
1347 2931 1710 2998 Tiberium
1771 2953 2016 3018 perpu-

393 3045 508 3142 lit,
554 3055 630 3111 ut
668 3046 959 3111 vitandos
999 3046 1289 3120 crederet
1321 3055 1578 3128 patrum
1627 3051 1853 3111 coetus
1891 3069 2014 3114 vo-

390 3161 655 3242 cesque,
703 3179 866 3242 quae
894 3158 1273 3242 plerumque
1309 3179 1500 3236 verae
1537 3157 1605 3225 &
1633 3179 1862 3242 graves
1894 3183 2010 3226 co·
2123 3171 2125 3174 ‘

390 3291 531 3339 ram
556 3273 1027 3354 ingerebantur.
1117 3269 1310 3348 Nam,
1355 3271 1670 3355 postulato
1689 3271 2004 3354 Votieno,
2091 3155 2125 3472 ι

388 3389 431 3421 “
452 3385 535 3449 ob
567 3383 987 3452 contumelias
1020 3384 1090 3448 in
1128 3382 1457 3452 Caesarem
1487 3382 1750 3452 diftas”
1753 3434 1776 3466 ,
1823 3389 2002 3454 testis
