2134 3859
425 250 530 311 πο
836 224 1659 309 PRAEFATIO*

431 418 1040 529 accusationibus.
1139 419 1259 502 Ac
1292 424 1531 523 primo
1563 424 1875 524 quidem
1922 422 2115 505 cri.

433 560 851 653 minantur,
886 563 1295 660 malignum
1330 586 1504 641 eum
1541 564 1749 679 fuiffe
1792 564 1877 645 δε
1924 589 2101 669 μι-

430 690 952 813 σάνθρωπον
968 756 991 797 ,
1030 703 1160 801 qui
1196 701 1447 779 omnia
1468 703 1593 779 'vel
1624 703 2097 804 suspicioni..

429 841 576 922 bus
609 840 1091 935 adulteraret,
1144 842 1263 921 vel
1294 842 1372 917 in
1401 842 1837 919 deteriorem
1874 866 2087 961 Bar.

428 992 588 1060 tem
632 979 982 1060 traheret.
1098 982 1308 1056 Haec
1348 993 1545 1057 certe
1600 981 1922 1080 maligui
1980 979 2083 1059 ὅ(

426 1110 744 1221 improbi
797 1116 964 1193 sunt
1012 1117 1341 1196 hominis
1373 1176 1397 1212 ,
1464 1119 1761 1217 qualem
1809 1142 2077 1195 nemo

425 1258 706 1339 dixerit
734 1256 1131 1350 Tacitum,
1186 1256 1317 1355 qui
1358 1256 1745 1335 sceleratos
1778 1257 2071 1361 paffim

425 1396 712 1495 arguit,
769 1396 1123 1473 virtutem
1153 1394 1437 1473 meritis
1465 1397 1807 1474 laudibus
1842 1398 2063 1474 sem-

423 1558 555 1641 per
588 1534 896 1627 extulit,
938 1536 1221 1661 amicos
1258 1559 1411 1611 non
1440 1534 1705 1613 habuit
1734 1535 1869 1614 nisi
1908 1560 2055 1638 op-

271 1740 276 1743 .
419 1677 715 1769 timos,
783 1672 1161 1773 ipsamque
1208 1669 1801 1793 malignitatem,
1850 1674 2052 1779 falsa

419 1812 782 1893 libertatis
828 1810 1060 1911 specie
1098 1811 1570 1907 illudentem,
1630 1812 1837 1912 saepe
1870 1838 2045 1893 cor-

419 1949 675 2053 ripuit.
775 1948 884 2028 At
914 1944 1385 2051 suspiciones,
1409 1949 1942 2052 conjecturas
1918 1974 2043 2029 m-

419 2090 726 2173 terserit.
795 2091 1062 2171 Fateor
1092 2089 1474 2191 equidem:
1526 2088 1647 2167 sed
1684 2111 1813 2175 eas
1844 2090 2039 2190 legi-

414 2232 648 2309 timas
671 2288 693 2325 ,
751 2227 828 2307 &
876 2231 1077 2329 quod
1127 2230 1210 2305 in
1259 2240 1597 2335 veterum
1644 2229 2030 2323 librorum,

419 2394 616 2476 quae
664 2367 951 2469 superat
964 2426 986 2463 ‚
1039 2366 1407 2469 paucitate
1438 2368 1721 2468 prorsus
1746 2368 2029 2447 mirum

393 2498 522 2589 'est
538 2570 561 2605 ,
619 2508 933 2609 aliorum
959 2507 1384 2609 scriptorum
1414 2506 1857 2601 testimonio,
1879 2480 2029 2585 'aut

414 2649 734 2750 ipsarum
825 2667 1070 2725 rerum
1144 2658 1413 2724 natura
1484 2647 2024 2746 comprobatas.
2090 2736 2092 2740 ¹

415 2785 727 2869 Nullas
707 2808 784 2862 m
802 2784 1099 2862 historia
1122 2784 1521 2891 usurpare,
1540 2785 1665 2865 vel
1684 2783 2090 2903 ineptill'k'
2086 2868 2088 2875 ,

363 2925 586 3045 mi,
641 2926 762 3005 vel
809 2923 1259 3001 audaciffimi
1312 2902 1741 3003 mortalium
1802 2920 2086 3012 ἰοτεὲ.“

415 3051 982 3147 criminationis
1009 3062 1264 3142 causas
1290 3062 1641 3163 aperiam.
1700 3062 2011 3155 Quidam
2078 3074 2082 3139 f

413 3199 1308 3306 corruptores&corrupti
1319 3202 1661 3281 Tacitum
1686 3201 2007 3293 oderunt,

417 3345 622 3448 quod
666 3362 929 3421 eorum
975 3360 1246 3451 arcana
1282 3337 1677 3445 nudaverit
1690 3397 1715 3437 ,
1764 3361 2003 3444 eorum
2070 3298 2074 3420 3

1942 3624 1960 3629 -
2062 3580 2066 3692 ΙΙ

2060 3725 2062 3749 ι

2050 3750 2062 3826 j
