2134 3859
467 274 596 351 ηε
769 232 1334 325 mmmm
1394 258 1584 327 ΜΒ.
1648 257 1768 328 11.
2026 10 2098 356 ]

467 430 838 502 cordatione
867 429 1183 514 majorum
1214 428 1469 498 suorum
1488 432 1665 498 adiit.
1776 432 2057 519 Namque
2101 452 2102 457 ’

465 552 566 627 ei,
611 556 688 612 ut
710 546 1097 622 memoravi,
1143 546 1499 611 avunculus
1516 546 1878 629 AugustuS,
1923 566 2056 614 avus

433 661 789 729 ·Antonius
840 667 1022 723 erant
1049 705 1069 734 ,
1128 676 1484 741 magnaque
1527 658 1657 723 illie
1698 658 1926 743 imago
1964 664 2058 725 tri-

461 776 651 843 stium
687 774 1151 854 laetorumque.
1243 771 1416 836 Hinc
1454 782 1721 837 ventum
1756 774 2053 851 Athenas,

465 887 836 970 foederique
863 884 1066 950 sociae
1096 883 1167 951 δε
1195 884 1478 951 vetustae
1502 886 1675 951 urbis
1707 869 1981 963 datum)
2000 897 2059 951 ut

463 1024 594 1068 uno
617 996 844 1065 littore
870 1006 1180 1073 uteretur.
1220 1064 1229 1073 ,
1268 996 1599 1083 Excepere
1613 985 1858 1063 Graeci
1884 1020 2059 1083 quae-

461 1110 756 1181 fitiffimis
785 1110 1168 1188 honoribuS,
1227 1119 1447 1177 vetera
1478 1110 1735 1177 suorum
1770 1110 1949 1177 fafita
1980 1112 2057 1177 di-

462 1228 694 1311 &aque
744 1226 1179 1309 praeferentes
1198 1270 1221 1302 ,
1301 1241 1429 1309 quo
1484 1227 1635 1309 plus
1683 1224 2055 1310 dignationis

462 1338 744 1408 adulatio
770 1336 1064 1403 haberet.
1210 1424 1219 1431 .
2111 1392 2112 1397 ,

596 1450 771 1519 LIV.
819 1450 1027 1516 Petita
1070 1450 1219 1519 inde
1252 1450 1559 1530 Euboea,
1619 1446 1898 1519 tramifit
1930 1449 2049 1515 Les-

458 1568 648 1643 bum,
708 1564 821 1631 ubi
862 1562 1217 1648 Agrippina
1248 1562 1577 1631 novissimo
1612 1576 1805 1649 partu
1840 1562 2046 1643 Juliam
2109 1628 2112 1633 .

467 1681 709 1746 edidit:
754 1686 894 1741 tum
941 1685 1229 1742 extrema
1277 1676 1504 1757 Afiae,
1565 1677 2049 1760 Perinthumque
2104 1765 2107 1767 v

464 1813 539 1856 ac
575 1788 989 1875 Byzantium,
1007 1788 1321 1854 Thracias
1348 1792 1563 1875 urbeS,
1608 1812 1763 1867 mox
1788 1789 2045 1875 Propon-

458 1906 612 1969 tidis
637 1900 986 1985 angustiae,
1033 1898 1107 1965 &
1134 1922 1207 1966 os
1236 1903 1573 1969 Ponticum
1610 1904 1850 1983 intrat,
1897 1903 2046 1988 cupi«
2103 1932 2108 1991 g

461 2018 610 2083 dine
649 2024 897 2081 veteres
925 2013 1121 2108 =lqcos
1143 2061 1163 2092 ,
1232 2012 1303 2080 δε
1326 2016 1503 2081 fama'
1534 2019 1893 2084 celebratos
1930 2014 2043 2081 nos-
2108 2100 2110 2105 A

463 2128 680 2195 cendi:
727 2126 1093 2211 pariterque
1145 2128 1507 2217 provincias
1547 2130 1822 2197 internis
1866 2138 2041 2194 certa-
2098 2160 2111 2205 ῃ

463 2242 744 2309 minibus
767 2287 787 2318 ,
862 2250 976 2305 aut
1033 2240 1515 2323 magistratuum
1573 2242 1826 2327 injuriis
1888 2238 2043 2307 feffas

459 2356 826 2421 refovebat:
875 2362 1067 2437 atque
1094 2354 1295 2431 illum,
1327 2354 1395 2419 in
1432 2356 1709 2439 regrefl'u
1746 2355 1919 2421 sacra
1951 2350 2039 2417 Sa-

457 2470 866 2535 mothracum
905 2464 1107 2534 visere
1135 2466 1482 2547 nitentem,
1531 2468 1705 2535 obvii
1736 2447 2040 2553 aquilones

461 2582 784 2668 depulere.
871 2581 1082 2664 Igitur
1117 2581 1276 2663 Ilio,
1323 2598 1614 2665 quaeque
1638 2580 2037 2648 ibi'varietate

461 2699 798 2773 fortunae,
847 2692 917 2760 &
955 2693 1147 2759 nostri
1181 2694 1427 2778 origine
1467 2698 1862 2772 veneranda,
1904 2692 2035 2757 rele-
2096 2734 2103 2781 4

463 2808 560 2890 git
588 2806 837 2883 Afiam,
884 2806 1272 2892 appellitque
1316 2806 1721 2893 Colophona,
1769 2816 1845 2873 ut
1874 2801 2037 2873 Clarii
2098 2850 2101 2899 2

402 2914 414 2927 ‘
461 2918 783 3004 Apollinis
805 2918 1065 2985 oraculo
1096 2928 1408 2986 uteretur.
1468 2918 1619 2986 Non
1644 2917 1881 2987 femina
1907 2918 2034 2991 illic,
2094 2954 2099 3019 ¹}

455 3042 532 3099 ut
577 3034 745 3119 apud
790 3030 1113 3115 Delphos,
1178 3031 1281 3097 sed
1326 3035 1519 3099 certis
1566 3057 1603 3101 e
1646 3033 1937 3109 familiis,
1982 3020 2099 3093 &¹
2094 3094 2096 3122 ἰ

455 3148 690 3213 ferme
723 3144 944 3210 Mileto
1009 3144 1253 3209 accitus
1308 3148 1595 3213 sacerdos
1630 3194 1650 3226 ,
1724 3162 2030 3212 numerum
2094 3174 2096 3185 ·

457 3261 648 3323 modo
701 3256 1195 3323 consultantium·
1231 3256 1301 3325 δε
1352 3259 1612 3338 nomina
1652 3246 1873 3325 audit:
1918 3266 2028 3319 tum

447 3370 544 3435 in·
572 3372 825 3455 specum
869 3368 1189 3455 degi-effus
1214 3417 1237 3453 ,
1310 3372 1541 3480 hausta⁸
1591 3374 1790 3440 fontis
1845 3361 2031 3437 arcani
