2134 3859
189 264 1015 340 AN.v.c.nchxxv.
1055 272 1479 387 AER.C.22.·
1542 280 1673 380 265
1788 316 1795 321 -

45 464 279 527 eoque
315 438 404 509 'ad
447 447 868 512 accusandum
907 447 1173 514 delefi'cis
1198 496 1217 528 ,
1275 452 1679 536 responderet

49 553 239 623 solus
260 604 282 636 ,
331 558 402 625 &
446 561 670 625 orandi
710 562 989 639 nescius,
1043 566 1304 648 proprio
1350 568 1418 631 in
1457 577 1635 634 metu
1654 615 1676 648 ,

55 672 179 755 qui
213 674 568 737 exercitam
601 694 854 759 quoque
887 678 1319 759 eloquentiam
1344 650 1676 749 debilitat:

57 791 201 851 hon
223 794 626 871 temperante
641 788 930 866 Tiberio,
977 792 1135 873 quin
1156 803 1475 874 premeret
1493 796 1674 874 vo'ce,
1725 862 1731 867 .

57 876 294 977 vultu,
345 923 422 966 eo
453 903 630 987 quod
647 902 778 987 ipse
807 905 1189 970 creberrime
1206 905 1679 1007 interrogabatz

60 1034 288 1098 neque
335 1015 661 1093 refellere,
719 1025 832 1080 aut
872 1019 1166 1096 eludere,
1222 1022 1533 1100 dabatur3
1602 1042 1679 1088 ac

61 1128 259 1212 saepe
319 1131 512 1193 etiam
564 1128 998 1195 confitendum
1062 1142 1233 1210 erat,
1304 1156 1387 1201 ne
1449 1136 1681 1203 frustra

68 1240 492 1327 quaesivifl'et.
585 1240 818 1309 Servos
859 1264 1118 1328 quoque
1162 1244 1395 1325 Silani,
1442 1259 1523 1313 ut
1545 1261 1681 1315 tor·-

69 1346 318 1422 inentis
346 1357 924 1441 interrogarentur,
973 1357 1151 1423 attor
1178 1362 1475 1445 ‘publicus
1498 1383 1689 1451 man-v

73 1471 246 1553 cipio
293 1482 628 1554 acceperat
661 1491 681 1534 ε
756 1469 827 1535 &
871 1492 954 1536 ne
999 1474 1145 1557 quis
1194 1464 1682 1560 necessariorum

73 1584 330 1667 juvaret
400 1584 866 1667 periclitantem
903 1631 922 1661 ,
997 1585 1345 1669 majestatis
1417 1589 1693 1667 crimina,

72 1698 507 1761 subdebantur
540 1742 560 1773 ,
624 1698 905 1763 vinclum
950 1698 1030 1764 ὅτ·
1062 1698 1391 1765 neceffitas
1434 1700 1680 1767 filendi.

79 1811 293 1893 Igitur
339 1810 540 1893 petito
596 1831 947 1895 paucorum
1001 1814 1250 1877 dierum
1304 1814 1680 1898 interjectu,

75 1922 512 1989 defenfionem
556 1924 650 1988 sui
681 1925 983 2003 deseruit,
1041 1925 1207 1991 aufis
1238 1930 1318 1991 ad
1352 1928 1681 1995 Caesarem

79 2038 436 2121 codicilHS,
499 2038 731 2122 quibus
786 2039 1094 2107 invidiam
1150 2040 1223 2108 ὅτ
1262 2062 1487 2128 preces
1536 2045 1683 2109 mis·-

79 2161 327 2216 cuerat.

209 2262 532 2330 LXVIII.
581 2263 915 2342 TiberiuS,
961 2286 1125 2351 quae
1155 2268 1223 2332 in
1251 2266 1538 2335 Silanum
1568 2290 1685 2355 pa-

81 2382 290 2456 rabat,
336 2398 462 2461 quo
482 2376 838 2443 excusatius
868 2379 976 2443 sub
1004 2383 1293 2465 exemplo
1321 2385 1686 2465 acciperen-

83 2503 220 2571 tur,
283 2492 536 2557 libeuus
569 2492 700 2557 divi
725 2474 998 2575 Aug‘usti
1029 2496 1111 2559 de
1142 2493 1375 2560 Voleso
1408 2494 1686 2572 Meffala,

87 2608 366 2690 ejusdem
389 2603 576 2669 Afiae
604 2606 998 2689 proconsule,
1045 2606 1417 2692 satiataque
1437 2608 1506 2675 in
1537 2630 1689 2673 eum

85 2720 688 2785 senatusconsultum
717 2720 970 2782 recitari
995 2720 1199 2801 jubet.
1290 2720 1467 2786 Tum
1484 2721 1559 2785 L.
1583 2722 1688 2805 Pi-

85 2834 304 2921 sonem
319 2832 692 2897 sententiam
714 2840 928 2915 rogat:
948 2829 1077 2897 {ille
1094 2812 1367 2899 multum
1388 2836 1467 2900 de
1499 2840 1541 2873 “
1558 2837 1685 2901 cle-

87 2947 328 3011 mentia
377 2946 688 3029 Principis
708 2950 742 2973 ”
797 2948 1153 3029 praefatuS,
1229 2955 1453 3032 “aqua
1498 2960 1690 3032 atque

86 3062 218 3142 igni
237 3057 466 3123 Silano*
483 3060 1042 3126 interdicendum”
1084 3042 1346 3140 censuit,
1394 3062 1689 3147 “ipsum-
1784 3054 1795 3074 '

91 3174 308 3257 quein
347 3172 614 3235 insulam
651 3171 947 3256 Gyarum
982 3176 1467 3261 relegandum”.
1557 3174 1687 3237 Ea-

91 3288 234 3350 dem
273 3286 506 3361 ceteri,
547 3282 666 3347 nifi
705 3288 876 3367 quod
927 3284 1045 3351 Cn.
1086 3286 1398 3351 Lentulus
1452 3286 1690 3368 “sepa-

75 3378 288 3465 randa
317 3396 518 3464 Silani
551 3400 1045 3467 materna.bona
1097 3397 1368 3485 (quippe
1404 3400 1529 3465 alia
1575 3418 1691 3486 pa-

258 3520 264 3529 .
1192 3512 1252 3579 R
1296 3528 1337 3596 5
