2134 3859
278 215 430 286 AN.
444 211 533 288 V.
548 213 620 286 C.
639 212 946 285 DCCXC.
986 217 1161 284 AER.
1186 215 1386 285 CHR.
1402 238 1512 307 37.
1584 237 1713 308 401

383 389 616 454 Tiberii
647 383 998 454 deliberatio
1029 389 1100 452 de
1117 391 1444 472 succeffore.

230 497 480 570 XLVI.
529 495 816 568 Gnarum
851 495 974 566 hoc
995 497 1309 588 principi,
1357 519 1563 591 eoque
1588 507 1709 574 du·-
1764 519 1768 528 '

91 615 332 688 bltavit
361 620 441 682 de
471 611 779 681 tradenda
825 617 1183 700 republica:
1230 613 1508 701 primum
1540 615 1711 688 inter

95 737 406 818 nepotes3·
474 739 746 814 quorum
796 723 1001 794 Druso
1048 727 1337 812 genitus,
1400 727 1708 816 sanguine

98 842 174 912 &
213 839 481 909 caritate
505 837 799 928 propior,
843 833 948 906 sed
982 840 1266 908 nondum
1298 840 1702 930 pubertatem
1754 839 1757 842 ⁴

95 953 411 1042 ingressus
446 977 468 1021 t
527 951 896 1020 Germanici
933 933 1081 1020 'filio
1135 953 1331 1022 robur
1366 957 1703 1042 juventae,

97 1068 290 1155 vulgi
329 1066 567 1148 studia,
625 1085 830 1152 eaque
879 1072 1049 1154 apud
1090 1081 1283 1134 avum
1318 1066 1450 1136 odii
1496 1067 1704 1137 eausa.

97 1180 322 1250 Etiam
347 1183 444 1268 {de
490 1177 754 1249 Claudio
793 1177 1101 1266 agitanti,
1146 1184 1324 1268 quod
1354 1180 1410 1249 is
1441 1203 1706 1268 compo·

95 1291 218 1364 fita
253 1301 464 1363 aetate
493 1342 513 1374 ,
586 1289 900 1361 bonarum
947 1291 1184 1360 artium
1232 1295 1493 1384 cupiens
1532 1308 1707 1376 erat,

93 1407 448 1476 Imminuta
491 1425 672 1475 mens
713 1402 852 1492 ejus
887 1404 1149 1474 obstitit.
1237 1399 1350 1474 Sin
1381 1422 1561 1476 extra
1590 1414 1708 1477 do·

98 1541 285 1591 mum
307 1517 610 1590 succefl‘or
637 1527 1050 1606 quaereretur
1066 1570 1086 1600 ,
1131 1539 1213 1588 ne
1235 1521 1547 1591 memoria
1562 1518 1705 1590 Au-

99 1637 294 1722 gusti,
339 1657 420 1702 ne
445 1651 679 1716 nomen
704 1631 1038 1702 Caesarum
1062 1625 1147 1702 in'
1162 1635 1437 1703 ludibria
1458 1634 1529 1703 &
1548 1651 1705 1702 con-

97 1747 406 1816 tumelias
463 1757 822 1828 verterent,
885 1747 1220 1816 metuebat
1246 1770 1266 1816 ε
1328 1747 1565 1836 qu1ppe
1608 1746 1708 1818 illi

103 1881 240 1930 non
271 1859 536 1948 perinde
563 1879 756 1927 curae
778 1859 984 1944 gratia
1005 1857 1427 1946 praesentium
1443 1912 1462 1942 ,
1512 1881 1710 1949 quam

99 1974 176 2043 in
193 1975 476 2062 posteros
505 1970 792 2040 ambitio.
823 1969 973 2038 Mox
999 1971 1281 2048 incertus
1307 1973 1527 2052 animi,
1554 1972 1709 2042 fesso

104 2109 397 2175 corpore,
425 2085 776 2165 confilium,
822 2088 927 2151 cui
949 2083 1157 2172 impar
1186 2093 1355 2166 erat,
1400 2084 1533 2154 fato
1558 2110 1709 2174 per-
1741 2089 1745 2100 '

103 2197 310 2268 mifit:
337 2197 522 2286 lastis
541 2209 757 2266 tamen
778 2201 1064 2279 vocibus,
1084 2221 1198 2286 per
1211 2221 1367 2286 quas
1386 2197 1711 2295 intellige·

105 2326 289 2382 retur
305 2315 608 2401 providus
631 2311 1017 2380 futurorum.
1084 2311 1247 2379 Nam
1256 2335 1379 2400 que
1397 2315 1711 2392 Macroni,
1830 2328 1835 2337 ’

28 2505 32 2512 ,
103 2449 238 2498 non
252 2431 466 2495 abdita
483 2427 770 2511 ambage,
785 2423 1249 2494 “Occidentem
1268 2426 1349 2496 ab
1376 2445 1453 2494 eo
1486 2428 1709 2506 deseri,

107 2545 447 2610 Orientem
475 2537 740 2626 spe&ari
760 2538 798 2569 ’⁹
833 2536 1259 2626 exprobravit.
1348 2539 1437 2606 Et
1454 2538 1525 2608 C.
1550 2525 1731 2607 cae-l

107 2653 252 2735 sari,
299 2651 465 2722 forte
497 2663 640 2720 orto
665 2655 971 2733 sermone,
1019 2654 1094 2718 L.
1114 2651 1354 2719 Sullam
1382 2649 1712 2731 inridenti,

110 2765 390 2834 “omnia
418 2759 633 2833 Sullae
656 2759 852 2845 v'itia,
899 2765 970 2832 ὅτ.
1003 2767 1241 2832 nullam
1269 2761 1547 2850 ejusdem
1582 2761 1716 2833 vir-

113 2891 319 2948 tutem
357 2875 725 2947 habiturum
749 2877 788 2909 ”
831 2879 1196 2964 praedixit:
1244 2871 1430 2944 fimul
1474 2877 1715 2944 crebris

120 3012 268 3060 cum
291 2993 573 3060 lacrimis
608 2989 921 3059 minorem
955 3008 1034 3060 ex
1072 2989 1410 3080 nepotibus
1433 2992 1717 3076 comple·

121 3126 240 3172 xus
253 3154 274 3186 ‚
319 3106 487 3172 truci
512 3107 772 3173 alterius
789 3103 974 3176 vultu
993 3130 1012 3174 τ
1061 3110 1109 3147 “
1122 3103 1373 3172 occides
1390 3104 1561 3190 hung:
1578 3103 1718 3180 tu”,

119 3216 360 3306 inquit,
408 3225 453 3258 “
469 3219 542 3286 ὅτ
575 3229 644 3288 te
679 3221 920 3290 alius’'.
1008 3191 1573 3308 Sed⁸gravescente
1602 3201 1719 3285 νἰὲ

218 3337 282 3397 ο.
306 3340 449 3398 Tac.
494 3331 653 3422 131.
1249 3331 1301 3400 C
1336 3349 1373 3398 e
