2134 3859
460 269 1272 354 PRAEFATIO
1569 301 1684 380 4³

28 478 133 548 ut
182 466 603 546 aboleretur
634 467 887 571 opinio
921 527 943 562 ,
968 525 975 532 .
996 490 1191 569 quae
1232 468 1432 569 apud
1465 467 1682 571 quos-

28 609 226 688 dam
282 607 603 686 invaluit
636 621 659 702 3
720 607 1065 688 Tacitum
1101 607 1184 686 in
1232 605 1682 687 Germaniae

30 745 541 849 dest-siptione
594 747 765 847 plus
818 748 1120 844 ingenio
1137 805 1160 844 ,
1220 769 1450 847 quam
1493 745 1684 826 veri-

30 885 187 966 tati
214 885 583 968 indulfiflb
600 946 625 982 ‚
666 890 1210 986 Germanorum
1230 907 1479 966 mores
1501 909 1680 968 cum

32 1025 437 1106 veteribus
470 1026 729 1104 nostris
744 1027 1037 1126 legibus
1052 1025 1484 1120 &historiis‚
1501 1049 1680 1108 eum

36 1165 493 1264 vigentibus.
546 1167 798 1246 adhuc
852 1166 1184 1282 mqribus
1235 1165 1680 1270 populorum

34 1304 357 1384 iliorum
373 1362 397 1400 ,
466 1329 659 1412 quos
688 1307 1039 1408 barbaros
1062 1303 1398 1406 ferosque
1431 1306 1681 1408 appel.-

40 1445 305 1526 lamus
321 1502 347 1540 ,
406 1446 609 1547 quod
636 1447 804 1526 aevi
834 1443 1098 1550 prioris
1131 1445 1684 1526 humanitatem

44 1587 407 1666 nondum
470 1585 887 1666 dedocuero
919 1643 943 1679 ,
1036 1582 1308 1662 affidue
1375 1584 1682 1670 contuli⁴

50 1724 184 1806 Sic
220 1724 429 1802 enim
450 1783 473 1821 ,
526 1749 678 1804 non
704 1725 946 1804 nostro
978 1724 1320 1824 suffragio
1339 1778 1360 1819 ,
1411 1722 1683 1805 atsae.

50 1855 412 1946 culorum
453 1864 995 1968 hominumque
1030 1864 1379 1944 consensu
1417 1887 1682 1968 appro-

52 2005 327 2084 batum
348 2003 468 2098 est,
488 2005 827 2085 Tacitum
844 2027 997 2086 non
1032 2004 1262 2083 modo
1287 1983 1494 2082 fuisse
1519 2027 1682 2083 ma.

54 2144 363 2224 ximum
396 2143 859 2244 antiquitatis
884 2143 1257 2248 picstorem,
1293 2167 1488 2248 quae
1513 2169 1681 2248 pro·

54 2285 221 2388 pria
256 2283 427 2384 ejus
456 2285 621 2364 laus
636 2341 659 2380 ,
714 2296 941 2387 atque
970 2285 1308 2364 omnium
1335 2281 1684 2362 sermoni..

58 2425 205 2506 bus
228 2423 391 2522 jam
425 2423 897 2526 pervulgata,
945 2422 1072 2502 sed
1097 2419 1682 2526 &veriffimum3

60 2563 275 2664 quod
324 2575 485 2641 erat
531 2561 1047 2645 evincendum.
1145 2564 1473 2640 Demum
1507 2583 1686 2640 cum

62 2703 183 2781 vel
218 2701 489 2802 optimi
522 2699 903 2805 scriptores
930 2701 1166 2780 multa
1186 2699 1460 2793 fileant,
1489 2721 1685 2804 quae
1747 2767 1760 2796 ,

63 2852 320 2921 tamen
336 2838 533 2920 noffe
558 2840 1053 2939 quorumdam
1079 2839 1394 2933 interest,
1434 2839 1690 2922 Anec..

68 2981 253 3056 dota
312 3005 408 3058 ex
459 2979 685 3058 variis
731 2979 1152 3058 austoribus
1205 2982 1523 3080 collegi,
1596 2995 1688 3064 ut

68 3117 340 3198 harum
372 3139 637 3196 rerum,
664 3115 961 3197 curiofis
996 3118 1515 3203 satisfacerem.
1679 3169 1688 3178 ·

84 3306 91 3314 ·
184 3256 427 3337 Curas
483 3257 679 3334 ultra
731 3239 1018 3335 intendi
1052 3289 1074 3360 3
1133 3282 1454 3360 cumque
1488 3259 1685 3338 sum.

76 3417 373 3502 mopete
424 3395 753 3478 dolerem
778 3396 1140 3518 &Tacitum
1193 3411 1540 3484 truncum
1591 3419 1690 3480 ae
