2134 3859
158 321 169 326 -
263 255 1112 329 AN2V.C.Dchxxv1.
1159 255 1546 347 AER.0.23.
1602 261 1738 348 272

86 435 528 504 adferebant:
574 436 646 503 &
664 483 685 514 ,
760 438 910 521 quia
946 439 1015 505 vi
1058 446 1162 504 tot
1187 438 1376 504 fimul
1405 435 1723 518 corripere
1779 421 1790 431 ’

90 549 437 628 intutum,
482 552 669 616 dolus
698 551 1037 618 intervalla
1063 553 1374 619 scelerum
1391 549 1720 636 poscebat.

94 661 369 732 Placuit
408 673 624 733 tamen
668 648 979 746 occultior
1022 666 1162 744 via,
1211 664 1283 732 ὅτ
1310 687 1351 732 a
1379 662 1582 731 Druso
1617 661 1720 728 in·-

94 776 328 860 cipere
347 823 367 855 ,
410 778 483 842 in
510 799 703 862 quem
735 779 977 844 recenti
1008 781 1106 844 ira
1131 781 1478 847 ferebatur.
1504 837 1516 846 ,
1542 774 1717 843 Nam

100 889 383 969 Drusus,
408 892 750 980 impatiens
782 893 1017 958 aemuli
1033 939 1054 970 ,
1099 891 1169 958 &
1188 894 1402 958 animo
1428 908 1717 957 commo-

84 1005 259 1083 tior,
308 1013 455 1070 orto
478 1006 645 1070 forte
674 1005 907 1090 jurgio,
939 1007 1304 1072 intenderat
1320 1004 1550 1091 Seiano
1576 1020 1719 1068 ma-

94 1139 233 1183 nus
267 1163 289 1196 ,
354 1118 425 1184 ὅτ
472 1128 693 1184 contra
739 1121 1063 1186 tendentis
1113 1141 1188 1184 os
1241 1122 1718 1187 verberaverat·

96 1232 323 1314 Igitur
348 1231 581 1300 cuncta
614 1234 893 1298 tentanti
923 1231 1454 1317 promptiflimum
1487 1229 1716 1309 visum,

90 1349 191 1412 ad
231 1367 499 1412 uxorem
545 1346 681 1430 ejus
728 1345 981 1411 Liviam
1022 1355 1436 1424 convertere3
1511 1363 1714 1430 quae,

94 1459 283 1538 soror
306 1458 705 1538 Germanici,
749 1461 997 1525 formae
1037 1461 1224 1524 initio
1263 1461 1494 1526 aetatis
1525 1441 1726 1529 inde-'

88 1593 315 1651 corae,
342 1595 494 1636 mox
512 1573 987 1657 pulchritudine
1000 1574 1451 1656 praecellebat.
1497 1572 1712 1647 Hanc,

88 1695 179 1752 nt
220 1707 439 1754 amore
486 1687 779 1752 incensus
808 1733 827 1763 ,
888 1687 1206 1752 adulterio
1235 1686 1502 1771 pellexit
1527 1706 1549 1750 ι
1611 1681 1708 1761 ὅτ,
1831 1687 1840 1696 “

92 1800 431 1885 postquam
472 1803 665 1886 primi
702 1801 932 1884 flagitii
970 1801 1218 1884 potitus
1267 1801 1356 1866 est
1381 1847 1402 1880 ,
1460 1797 1710 1883 (neque

88 1915 379 1990 femina,
426 1914 641 1980 amifl'a
680 1915 1028 2002 pudicitia,
1089 1915 1218 1979 alia
1251 1900 1592 1999 abnuerit)
1621 1909 1703 1977 ad

88 2027 383 2110 conjugii
414 2030 623 2114 spem,
684 2027 1074 2094 consortium
1103 2030 1318 2114 regni,
1381 2028 1452 2095 δε
1478 2045 1707 2094 necem

91 2142 319 2210 mariti
375 2125 656 2225 iinpulit.
743 2141 965 2224 Atque
1008 2142 1121 2206 illa
1134 2187 1156 2219 ,
1204 2143 1310 2208 cui
1349 2141 1705 2208 avunculus

82 2253 455 2337 Augustus,
503 2257 681 2320 socer
723 2253 1026 2352 Tiberius
1045 2301 1065 2333 ,
1111 2277 1192 2321 ex
1231 2255 1436 2322 Druso
1483 2253 1704 2331 liberi,
1775 2331 1790 2350 ·

86 2368 286 2450 seque
316 2388 391 2432 ac
419 2370 693 2452 majores
722 2368 1091 2454 &posteros
1125 2369 1494 2455 municipali
1517 2369 1703 2434 adul-

86 2489 237 2546 tero
256 2483 572 2560 foedabat3
611 2492 703 2560 ut,
721 2503 837 2568 pro
855 2481 1134 2547 honestis
1149 2481 1219 2548 &
1240 2483 1699 2566 praesentibuS,

82 2593 407 2676 flagitiosa
447 2595 515 2661 δε
544 2598 788 2662 incerta
812 2595 1224 2681 exspectaret.
1315 2594 1612 2662 Sumitur
1625 2595 1698 2660 in

86 2706 544 2780 conscientiam
576 2709 902 2776 Eudemus
922 2755 943 2788 ,
1002 2711 1250 2775 amicus
1292 2730 1368 2774 ac
1409 2710 1696 2774 medicus

84 2818 351 2898 Liviae,
396 2822 599 2907 specie
638 2826 793 2890 artis
834 2826 1136 2908 frequens
1173 2823 1464 2890 secretis:
1499 2823 1699 2908 pellit

86 2935 313 3000 domo·
344 2931 610 3019 Sejanus
666 2958 935 3004 uxorem
983 2937 1324 3025 Apicatam
1355 2986 1374 3017 ,
1403 3013 1412 3034 ⁸
1441 2960 1521 3004 ex
1570 2951 1697 3018 qua

85 3053 221 3112 tres
247 3049 481 3114 liberos
502 3060 831 3134 genuerat,
878 3073 961 3116 ne
982 3053 1195 3136 pellici
1215 3049 1695 3138 suspefitaretur.

87 3157 607 3244 Sedmagnitudo
638 3165 941 3229 facinoris
962 3175 1229 3246 metum,
1272 3163 1690 3250 prolationes,
1757 3245 1762 3252 Π

86 3273 329 3340 diversa
352 3277 675 3348 interdum
711 3276 967 3343 confilia
990 3279 1339 3347 adferebat.

1213 3501 1345 3593 83
