2134 3859
81 198 1345 356 AN.V.C.DchXV111.AE1}.cHR.
1369 271 1474 339 15.
1522 278 1651 343 123
1761 270 1772 278 ·

35 445 180 492 nam
207 425 432 508 legem
463 425 809 509 majestatis
843 411 1188 494 reduxerat
1212 475 1232 506 ,
1282 433 1386 498 cui
1410 451 1648 500 nomen

37 542 194 623 apud
235 549 506 606 veteres
543 543 714 606 idem
735 585 756 616 ,
801 541 905 606 sed
943 543 1069 608 alia
1100 543 1170 608 in
1196 542 1507 625 judicium
1534 568 1649 618 ve,-

37 655 286 719 niebant
307 678 361 732 3,
409 653 476 746 fi2
499 655 642 738 quis
685 656 1047 740 proditione
1088 657 1439 724 exercitum
1458 706 1477 735 ,
1536 669 1651 727 aul:

35 770 276 852 plebem
317 769 738 835 seditionibus
759 816 777 846 ,
827 747 1101 852 denique
1143 773 1311 859 rnale
1338 771 1510 855 gesta
1545 792 1650 838 re·-

35 883 284 965 publica
319 882 721 966 majestatem
743 885 964 968 populi
993 885 1267 950 Romani
1290 885 1648 953 minuifl'etz

33 994 194 1062 fasta
221 998 672 1079 arguebantur
690 1045 709 1074 ,
757 996 928 1062 difita
955 999 1217 1084 impune
1246 1009 1450 1066 erant.
1494 1002 1649 1089 ¹Pri--

41 1131 170 1174 mus
191 1101 536 1194 Augustus
556 1112 986 1194 cognitionem
1011 1117 1092 1180 de
1108 1113 1369 1179 famofis·
1392 1115 1651 1190 libellis,

41 1223 234 1304 specie
269 1226 440 1308 legis
470 1225 641 1308 ejuS,
677 1225 1012 1304 trafflwit,
1077 1206 1437 1293 comniotus
1469 1227 1657 1295 Caffii

47 1334 258 1402 Severi
283 1340 581 1415 libidine,
609 1351 736 1422 qua
756 1341 928 1430 viros
950 1341 1340 1426 feminasque
1358 1343 1653 1410 inlustres

45 1454 424 1532 procacibus
463 1453 708 1537 scriptis
737 1451 1214 1520 diffamaveratt
1265 1473 1415 1519 mox
1452 1456 1652 1522 Tibe-

49 1567 170 1628 rius
192 1613 211 1640 ‚
279 1568 680 1634 consultante
731 1568 1035 1651 Pompeio
1076 1567 1291 1631 Macro
1316 1579 1653 1652 praetore,
1690 1601 1704 1616 ·

49 1685 90 1714 ‘⁴‘
103 1700 182 1743 an
201 1680 454 1762 judicia
477 1680 818 1764 majestatis
837 1682 1255 1745 redderentur
1270 1685 1307 1708 ¹’
1326 1681 1362 1748 ‘3
1408 1689 1453 1724 ‘⁶
1468 1705 1653 1748 exer-

55 1796 284 1858 cendas
321 1796 498 1876 leges
529 1793 710 1860 ess'e'⁸
753 1793 1094 1878 respondit.
1186 1796 1379 1860 Hunc
1400 1793 1687 1881 quoque'

55 1907 418 1990 asperavere
451 1909 734 1972 carmina
754 1953 774 1986 ,
823 1909 1087 1974 incertis
1110 1896 1481 1978 'auam-ibus
1512 1915 1653 1977 vul-

53 2029 196 2099 gata
223 2023 297 2085 in
329 2021 654 2086 saevitiam
691 2022 1173 2108 superbiamque
1210 2023 1385 2109 ejus,
1432 2023 1499 2090 ὅτ
1530 2026 1653 2092 dis-

55 2138 308 2200 eor-dem
333 2153 484 2198 cum
509 2145 713 2202 matre
737 2137 1042 2200 animum.
1164 2117 1169 2124 ”

179 2248 527 2313 LXXIII.-
557 2250 754 2314 Haud
775 2249 1018 2333 pigebit
1053 2251 1291 2344 referre
1311 2297 1329 2327 ,
1379 2251 1446 2314 in
1474 2251 1655 2317 Fala-

59 2360 156 2423 nio
202 2361 274 2426 &
316 2360 596 2439 Rubrio,
644 2363 913 2426 modieis
960 2364 1281 2445 equitibus
1322 2364 1655 2444 RomaniS,

59 2483 450 2554 praetentata
479 2476 769 2552 crimina3
820 2485 896 2540 ut
915 2475 1145 2558 quibus
1168 2477 1393 2551 initiis,
1414 2486 1657 2559 quanta

61 2585 306 2653 Tiberii
336 2596 507 2666 arte,
551 2585 981 2672 graviffirnum
1012 2589 1283 2652 exitium
1318 2588 1659 2671 irrepserit,

65 2701 200 2770 dein
232 2701 577 2786 reprefl'um
608 2700 716 2779 fit,
761 2681 1079 2786 postremo
1106 2701 1347 2777 arserit,
1396 2699 1659 2768 cunEta-

63 2833 176 2892 que
221 2816 643 2900 corripuerit,
689 2815 1004 2879 noscatur.
1092 2815 1352 2880 Falanio
1385 2804 1658 2900 xobjicite--

65 2925 164 2988 bat
191 2929 546 3005 accusator,
596 2930 824 3012 “quod
849 2929 1020 2994 inte-r
1045 2931 1325 2996 cultores
1356 2929 1653 3016 Augusti,

65 3041 166 3119 qui
197 3063 312 3127 per
346 3062 568 3107 omnes
594 3044 819 3107 domos
852 3044 922 3117 in
941 3045 1206 3109 modum
1236 3046 1655 3128 collegiorum

65 3151 469 3236 habebantur,
519 3152 792 3220 Caffium
826 3159 1191 3239 quemdam,
1220 3159 1487 3220 mimum
1517 3177 1660 3219 cor-

67 3282 207 3346 pore
241 3268 581 3360 insaniem,
623 3267 1004 3334 adscivifl‘et:
1054 3270 1351 3355 quodque
1381 3270 1663 3334 venditis
1726 3272 1731 3276 ’

54 3375 250 3448 ,hortis
270 3425 292 3462 ,
336 3381 610 3448 statuam
645 3381 920 3466 Augusti
954 3379 1657 3467 fimul.mancipaffet”.
