2134 3859
431 212 564 300 306
735 202 1304 275 ANNALIVM
1361 203 1548 272 ΜΒ.
1606 200 1749 273 IV.

441 386 615 453 truci
675 384 873 449 vultu
927 360 1360 448 defensionem
1416 360 1776 465 accipiens:
1848 398 2081 464 quam

441 476 854 573 Creinutius,
917 496 1383 579 relinquendae
1424 496 1603 559 vitae
1652 504 1885 589 oettus
1906 540 1935 571 ,
2010 494 2085 558 in

440 616 616 681 hunc
649 612 922 674 modum
953 610 1215 674 exorsus
1244 607 1366 673 est:
1414 605 1693 676 “Verba
1718 628 1895 685 mea,
1950 626 2083 693 pa-

443 738 578 793 tres
613 723 982 807 conscripti,
1041 713 1453 805 arguuntur:
1510 724 1677 787 adeo
1727 720 2083 786 faftorum

446 844 756 929 innocens
802 837 965 901 sum.
1069 833 1197 901 Sed
1232 854 1451 921 neque
1486 837 1650 902 haec
1690 837 1761 899 in
1810 836 2087 900 Princi-

440 977 630 1043 pem,
675 959 794 1017 aut
824 948 1139 1033 Principis
1164 960 1533 1035 parentem,
1592 970 1759 1035 quos
1784 950 1899 1014 lex
1929 970 2085 1012 ma·-

442 1069 684 1161 §estatis
711 1061 1151 1149 amplthitut.
1214 1065 1499 1129 Brutum
1520 1057 1591 1127 &
1610 1060 1893 1131 Ca'flium
1920 1065 2083 1129 lau·-

451 1179 687 1248 davifl'e
719 1180 933 1256 diem-3
978 1198 1262 1262 quorum
1290 1198 1395 1242 res
1435 1176 1643 1261 gestas
1666 1197 1823 1241 cum
1858 1178 2083 1261 pluri-

452 1298 545 1362 mi
574 1293 1084 1379 composuerint,
1130 1312 1327 1357 nemo
1358 1290 1491 1355 fine
1522 1292 1776 1355 honore
1810 1312 2085 1355 memo-

449 1405 687 1477 ravit?
732 1407 930 1473 Titus
978 1394 1207 1471 Livius
1227 1428 1264 1483 ,·
1319 1403 1738 1489 eloquentiae
1785 1424 1867 1467 ac
1911 1404 2083 1469 fidei

450 1502 825 1611 praeolarus
867 1521 937 1585 in
980 1521 1237 1604 primiS‚
1282 1518 1401 1585 Cn.
1440 1519 1825 1603 Pompeium
1862 1521 2083 1583 tantis

450 1639 756 1704 laudibus
780 1635 960 1710 tulit,
991 1642 1073 1698 ut
1101 1624 1523 1713 Pompeianum
1551 1654 1705 1699 eum
1724 1633 2085 1715 Augustus

453 1751 839 1835 appellaret:
881 1768 1096 1829 neque
1119 1747 1187 1809 id
1214 1744 1543 1810 amicitiae
1560 1766 1793 1811 eorum
1819 1746 2081 1812 offecit.

348 1850 358 1857 ³
393 1848 398 1853 ’
457 1860 858 1951 Scipionem„
891 1859 1267 1936 Afranium,
1308 1860 1489 1924 hunc
1515 1860 1721 1945 ipsum
1757 1858 2077 1938 Caffium,
2125 1858 2126 1896 ῑ

454 1979 631 2043 hunc
667 1978 950 2040 Brutum
968 1969 991 2050 ,¹
1035 1972 1356 2057 nusquam
1404 1977 1671 2035 latrones
1698 1972 1771 2042 ό·
1788 1980 2077 2053 parrici-

457 2090 602 2167 das,
649 2107 820 2172 quae
847 2106 1024 2151 nunc
1041 2086 1363 2152 vocabula
1379 2086 1830 2171 imponuntur,
1882 2069 2081 2172 saepe
2123 2088 2124 2140 ¹

459 2214 534 2267 ut
579 2198 852 2285 insignes
884 2179 1062 2265 vinos
1104 2201 1455 2265 nominat.·
1511 2198 2081 2265 Afinii-Pollionis

455 2318 690 2401 scripta
735 2315 1062 2398 egregiam
1088 2317 1468 2380 eorumdem
1504 2315 1891 2405 memoriam
1934 2325 2081 2379 tra-

456 2408 647 2497 dunt.
745 2428 1008 2494 Mess‘ala
1052 2426 1375 2493 Corvinus
1418 2433 1848 2507 imperatorem
1882 2430 2071 2509 suum

304 2556 314 2580 ·
355 2534 364 2545 “
468 2545 710 2623 Caffi'um
754 2520 1203 2626 praedicabat:
1266 2540 1337 2607 δε
1381 2552 1664 2625 uterque
1710 2542 2075 2627 opibusque

460 2662 658 2739 atque
680 2656 1037 2723 honoribus
1077 2656 1485 2739 pei-viguere.
1571 2656 1777 2720 Marci
1806 2656 2073 2723 Cicero-

456 2769 560 2834 nis
587 2764 774 2847 libro,
820 2790 954 2853 quo
983 2768 1297 2857 Catonern
1323 2770 1509 2833 coelo
1538 2769 1871 2852 aequavit,
1916 2772 2077 2854 quid

460 2881 642 2949 aliud
673 2879 954 2945 dietator
974 2881 1223 2959 Caesar,
1268 2902 1467 2967 quam
1494 2884 1795 2967 rescripta
1826 2885 2075 2948 oratio-

457 3016 579 3073 ne,
625 2995 808 3061 velut
831 2996 1006 3077 apud
1033 2995 1324 3077 judices,
1372 2994 1749 3081 respondit?
1789 2996 2069 3063 Antonii

462 3108 804 3195 epistolae,
848 3108 1039 3173 Bruti
1069 3109 1449 3186 concioneS,
1508 3109 1663 3177 falsa
1700 3112 1969 3194 quidem
2004 3113 2073 3175 in

461 3222 836 3305 Augustum
868 3224 1103 3306 probra
1120 3270 1139 3299 ,
1184 3222 1291 3287 sed
1322 3224 1531 3289 multa
1547 3245 1703 3289 cum
1719 3226 2075 3290 acerbitate

331 3392 334 3396 ,
454 3336 731 3404 hahent:
777 3336 1070 3401 carmina
1094 3335 1491 3411 Bibaculi&
1526 3337 1795 3421 Catulli,
1834 3339 2071 3405 referta
