2134 3859
531 241 1326 342 PRAEFATIO
1623 281 1734 342 21

110 452 302 534 vitia
352 465 753 557 perpetuus
815 456 1069 534 censor
1118 455 1528 556 exprobret.
1624 453 1734 534 Ut

110 593 247 672 fibi
278 593 583 694 aliisque
612 595 871 675 fucum
900 594 1180 673 faciant
1195 651 1219 688 ,
1271 591 1726 673 calumniam

108 733 323 811 hanc
372 735 741 832 ingerunt.
843 733 954 814 At
994 735 1202 836 quiS‚
1253 731 1384 810 nifi
1414 730 1729 834 prius'ei
1783 775 1790 784 ·

100 873 348 952 fuerit
380 874 749 952 malesana
781 875 1166 953 oculorum
1207 873 1408 950 acies
1423 929 1446 966 ‚
1495 869 1728 972 splen-

100 1009 489 1090 didiorem
540 1013 1055 1116 purioremque
1099 1013 1325 1092 solem
1371 1009 1512 1088 effe
1559 1033 1728 1088 um-

48 1199 55 1206 ·
108 1173 353 1254 quam
404 1152 699 1250 questus
752 1153 909 1231 est?
988 1153 1217 1246 Quis,
1272 1149 1402 1228 nifi
1449 1149 1724 1252 turpiS‚

106 1287 437 1368 fideliori
470 1288 757 1390 speculo
790 1291 1180 1370 irascitur?
1231 1288 1428 1383 Alii,
1469 1310 1726 1390 proca-

110 1451 244 1505 ces
284 1427 625 1525 ingenio,
676 1427 755 1507 δι
797 1429 1274 1509 offenfionum
1318 1427 1552 1522 avidi,
1608 1427 1729 1504 hi-

110 1566 375 1644 storias
420 1567 734 1666 argutiis
770 1569 1146 1646 aculeatas
1163 1629 1186 1664 ‚
1239 1587 1536 1650 amaras
1567 1587 1727 1643 ma.

100 1705 455 1802 lignitate
472 1766 495 1801 ,
528 1706 1114 1788 divinationibus
1131 1707 1346 1786 falsas
1361 1705 1720 1808 scripsere,

106 1843 336 1944 seque
385 1845 622 1924 Taciti
684 1845 1098 1924 imitatores
1151 1845 1498 1924 audaster
1551 1845 1722 1926 sunt

104 1984 427 2086 profesti.
502 1986 787 2063 Eorum
819 1986 1208 2064 audaciam
1241 1984 1719 2087 imperitiam-

21 2147 24 2154 ·
113 2147 210 2203 ve
226 2181 251 2217 ,
283 2127 436 2201 non
469 2145 651 2210 vero,
664 2125 1001 2205 Tacitum
1016 2185 1039 2220 ,
1084 2123 1336 2222 argue.
1393 2119 1718 2221 Vulgare

108 2263 241 2358 est,
272 2263 401 2340 sua
429 2262 709 2376 flagitia
744 2265 913 2344 aliis
952 2265 1312 2366 objestare
1328 2323 1351 2360 ‚
1403 2259 1720 2360 magnis-

108 2426 263 2504 que
302 2403 725 2482 nominibus
758 2403 901 2482 sese
936 2405 1188 2486 tutari.
1293 2403 1588 2503 Insuper
1613 2423 1715 2478 ex

110 2543 421 2645 optimis
458 2542 863 2622 artificibus
900 2543 1166 2644 quavis
1199 2541 1442 2620 aetate
1473 2535 1715 2618 exorti

104 2659 519 2759 imitatores
553 2681 852 2810 peflimi.

218 2821 527 2904 Crimen
602 2822 959 2906 alterum:
1016 2823 1260 2901 malae
1324 2818 1714 2902 latinitatis

23 3007 41 3040 ᾳ
105 2959 209 3037 est
236 2961 560 3043 Tacitus,
630 2961 973 3040 Breviter
1000 2955 1278 3040 dictum
1297 3021 1320 3058 ,
1361 2985 1460 3038 an
1483 2957 1715 3041 vere?

110 3075 445 3177 Tacitum
480 3099 874 3200 aliquando
924 3101 1150 3178 nimis
1197 3111 1543 3192 acutum,
1598 3094 1713 3172 ni-

110 3237 249 3314 mis
278 3237 657 3315 concisum
676 3298 699 3335 ‚
748 3239 1031 3337 ingenii
1070 3238 1150 3320 &
1179 3237 1516 3317 sensuum
1544 3253 1712 3338 pro-

108 3375 475 3462 funditate
505 3375 1021 3461 subobscurum
1060 3388 1458 3476 arguerent
1471 3383 1502 3472 ·,'
1551 3397 1708 3456 non

298 3507 330 3530 .
1222 3511 1280 3579 B
1316 3527 1366 3596 3
