2134 3859
1505 3 1508 5 ⁷
1521 2 1572 14 -ντ

933 75 952 108 ἢ
1025 67 1037 72 -

149 250 969 374 nN.v.c.Dchxx11.
1020 238 1188 326 AER.
1207 253 1409 329 cmi.
1432 279 1565 344 190·
1598 277 1727 352 197

89 439 250 501 bem
275 438 316 463 ’⁹
394 435 728 500 censebat:
809 440 854 489 “-
879 435 1041 500 nihil
1086 437 1309 501 adhuc‘
1337 427 1725 520 inexpiabile

85 547 466 626 admissum,
514 569 720 631 neque
755 549 1135 633 suspiciones
1172 548 1559 627 imbecillas,
1608 557 1723 616 aut

91 663 324 734 inania
354 664 568 748 famae
587 663 1120 745 pertimescenda:
1170 662 1543 728 discordiam
1566 683 1722 746 erga.

87 767 573 841 Germanicum
609 777 758 841 odio
783 771 1046 841 ,fortafl‘e
1080 776 1361 859 dignam,
1405 797 1537 841 non
1559 795 1718 860 poe-

89 909 234 954 na:
309 887 411 981 &¹
443 877 846 973 aiiemptione
903 890 1273 974 provinciae
1324 888 1717 958 satisfafitum

95 1003 418 1086 inimicis.
505 997 706 1079 *Quod
727 1001 796 1066 -fi
839 1006 1283 1096 regrederetur
1305 1049 1325 1082 ,
1384 1001 1719 1069 obsistente

91 1115 326 1182 Sentio
343 1163 363 1192 ,
413 1115 602 1180 civile
645 1117 887 1182 bellum
920 1118 1153 1200 incipi:
1212 1137 1334 1182 nec
1372 1117 1714 1207 dmaturps
1764 1123 1803 1145 “·

88 1231 162 1294 in
193 1228 490 1314 partibus
509 1232 916 1310 centuriones
934 1230 1311 1320 militesque,
1358 1233 1526 1314 apud
1548 1249 1712 1314 quos

87 1363 328 1407 recens
370 1344 775 1426 imperatoris
811 1343 904 1408 sui
935 1329 1285 1419 memoria,
1352 1341 1423 1408 ὅτ
1456 1344 1714 1429 penitus

84 1455 339 1520 infixus
366 1457 434 1520 in
464 1456 758 1550 Caesares
783 1473 964 1521 amor
991 1457 1391 1539 praevaleret
1404 1458 1445 1542 ’f
1451 1501 1469 1518 .

225 1565 582 1634 LXXVII.
631 1569 870 1636 Contra
915 1570 1243 1634 Domitius
1277 1568 1461 1636 Celer
1490 1589 1570 1634 ex
1612 1569 1713 1632 in-

85 1685 257 1749 tima
279 1683 336 1766 ei
345 1705 420 1747 us
439 1684 732 1746 amicitia.
747 1681 1053 1760 differuit,
1104 1688 1148 1721 ‘⁶
1166 1673 1495 1749 Utendum
1515 1703 1713 1750 even-

85 1808 190 1861 tu.
287 1797 613 1873 Pisonem,
684 1815 816 1860 non
862 1795 1153 1862 Sentium
1174 1843 1195 1876 ,
1261 1794 1493 1882 Syriae
1523 1806 1727 1880 prae-³

81 1909 414 2001 positum:
471 1911 624 1975 huic
660 1911 858 1976 fasces
903 1909 974 1977 &
1006 1912 1113 1994 jus
1146 1911 1497 1996 praetorIS,
1556 1911 1711 1974 huic

84 2026 386 2107 legiones
418 2026 636 2088 datas:
682 2023 731 2088 fi
756 2026 911 2108 quid
937 2025 1165 2090 hostile
1190 2003 1637 2200 ingruansslugkt

76 2136 320 2218 justius
359 2157 536 2204 arma
581 2137 1016 2222 oppositurum
1031 2122 1225 2222 sf‘t‘lui
1256 2141 1453 2222 legati
1482 2159 1567 2202 au

83 2252 386 2328 ritatem,
433 2250 506 2316 &
529 2249 786 2336 propria
817 2253 1119 2316 mandata
1153 2250 1518 2336 acceperit?
1575 2249 1705 2314 Re·-

85 2366 512 2448 linquendum
560 2367 758 2429 etiam
809 2365 1177 2430 rumoribus
1220 2374 1475 2448 tempus
1493 2411 1514 2441 ,
1570 2383 1701 2446 quo

87 2477 418 2542 senescant
447 2497 468 2540 ι
549 2480 929 2562 plerumque
1005 2478 1383 2542 innocentes
1458 2475 1701 2540 recenti

83 2590 374 2655 invidiae
422 2592 722 2675 impares.
811 2588 905 2653 At
939 2586 990 2652 fi
1033 2599 1252 2654 teneat
1300 2583 1697 2664 exercitum,

18 2719 20 2726 ·
86 2712 325 2786 augeat
375 2705 543 2770 vires
572 2751 592 2782 ,
657 2704 862 2769 multa
880 2750 901 2781 ,
979 2722 1145 2787 quae
1190 2702 1513 2787 provideri
1565 2721 1699 2766 non

83 2807 348 2902 poffint,
380 2819 660 2882 fortuito
699 2819 768 2882 in
796 2815 1028 2882 melius
1053 2817 1297 2882 casura.
1386 2815 1494 2881 An
1521 2816 1698 2882 festi-

83 2949 352 3006 namuS,
395 2947 542 2995 cum
573 2929 943 2997 Germanici
992 2932 1315 2998 cineribus
1348 2932 1695 3016 adpellere,

87 3051 156 3106 ut
232 3051 302 3107 te
373 3044 733 3110 inauditum
799 3043 871 3112 δε
929 3046 1326 3111 indefensum
1397 3040 1695 3128 plan&us

82 3155 511 3240 Agrippinae,
585 3178 664 3224 ac
711 3156 941 3243 v'ulgus
1004 3160 1377 3249 imperitum
1396 3201 1417 3234 ,
1483 3155 1694 3238 primo

79 3288 341 3338 tumme
375 3262 676 3358 rapiant?
729 3271 840 3338 Est
869 3273 989 3338 tibi
1015 3271 1341 3354 Augustae
1368 3266 1691 3334 conscien-

1186 3381 1259 3450 N·
1295 3402 1345 3468 3
1434 3381 1439 3388 '
