2134 3859
130 233 289 306 AN.
305 230 388 302 V.
405 229 477 298 C.
498 227 1052 298 DCCLXXXIX.
1091 227 1260 298 AER.
1280 227 1351 300 C.
1364 231 1475 319 36.
1534 253 1664 324 397

59 410 366 480 retinens.
429 407 765 485 Trecenti,
812 407 1038 493 opibus
1074 417 1187 472 aut
1213 408 1520 492 sapientia
1552 411 1665 474 de-

56 522 242 600 leffi,
307 533 384 587 ut
429 523 724 587 senatus:
788 523 899 588 sua
936 524 1175 606 populo
1210 524 1346 599 viS,
1406 522 1476 587 &
1502 543 1663 606 quo-

22 640 222 718 ,tiens
283 638 632 703 concordes
677 645 924 719 agunt,
987 635 1298 719 spernitur
1342 637 1661 702 Parthus:
1772 677 1780 684 ν

55 752 168 816 ubi
186 749 540 826 dissensere,
589 751 748 814 dum
765 748 880 817 fibi
903 744 1168 834 quisque
1195 758 1414 814 contra
1438 770 1660 816 aemu-
1708 797 1723 820 2

53 866 150 930 los
183 860 823 969 subsidiumtvocant,
870 863 1115 927 accitus
1140 837 1209 926 in
1236 871 1505 946 partem,
1546 867 1661 930 ad-

55 975 305 1046 versum
345 997 570 1042 omnes
598 977 875 1042 valescit.
965 977 1044 1040 Id
1082 995 1288 1060 nuper
1319 980 1661 1057 acciderat,

55 1089 384 1158 Artabano
428 1098 764 1184 regnante,
813 1089 924 1172 qui
972 1087 1227 1172 plebem
1271 1083 1663 1174 primoribus

53 1205 318 1270 tradidit
361 1225 443 1268 ex
476 1181 594 1268 ‘suo
635 1201 800 1268 usu:
856 1221 1006 1266 nam
1047 1204 1274 1285 populi
1310 1205 1663 1288 imperium

54 1319 234 1402 juxta
292 1317 703 1395 libertatem3
761 1335 1115 1401 paucorum
1158 1318 1509 1382 dominatio
1554 1340 1658 1384 re·-

55 1433 196 1514 giae
223 1430 477 1496 libidini
503 1431 763 1514 propior
797 1429 911 1494 est.
1001 1427 1179 1494 Tum
1208 1432 1668 1498 adventantem-

55 1543 394 1609 Tiridaten
433 1543 748 1610 extollunt
793 1551 1087 1608 veterum
1130 1513 1357 1626 regum
1395 1546 1661 1610 honori-

52 1657 171 1723 >bus
193 1703 214 1736 ,
277 1657 346 1722 ὅτ
391 1677 549 1740 quos
594 1676 820 1722 recens
854 1666 1029 1721 aetas
1069 1657 1314 1740 largius
1369 1641 1615 1728 invenit
1634 1679 1658 1723 ε

55 1768 236 1835 simul
268 1772 497 1855 probra
527 1770 594 1834 in
608 1770 1010 1836 Artabanum
1037 1771 1410 1849 fundebant,
1458 1779 1661 1837 “ma-
1758 1761 1767 1769 ’

57 1893 236 1949 terna
264 1883 509 1966 origine
534 1868 880 1950 Arsaciden
900 1930 920 1961 ,
965 1893 1179 1949 cetera
1198 1885 1577 1966 degenerem
1590 1888 1657 1950 ”-

57 1997 380 2062 Tiridates
411 2017 547 2060 rem
581 1994 1022 2061 Seleucensem
1050 1999 1288 2081 populo
1318 2001 1659 2079 permittit:

55 2133 202 2175 mox
229 2110 609 2186 consultam,
651 2116 694 2146 “
711 2129 990 2193 quonam
1011 2111 1117 2174 die
1134 2110 1459 2174 sollemnia
1474 2115 1658 2194 regni

57 2221 491 2308 capess'eret”?
533 2224 752 2288 literas
783 2223 1073 2286 Phraatis
1094 2221 1161 2290 &
1184 2222 1510 2300 Hieronis,
1543 2225 1659 2307 qui
1688 2288 1695 2290 ,

57 2335 457 2402 validissimas
485 2334 917 2419 praefesturas
947 2337 1352 2413 obtinebant,
1398 2338 1657 2421 accipit,

57 2453 376 2517 “brevem
404 2469 648 2514 moram
665 2452 700 2478 ’³
745 2450 1170 2534 precantium,
1215 2451 1657 2533 placitumque

57 2565 390 2648 “opperiri
441 2565 613 2628 viros
649 2564 1119 2647 praepollentes
1140 2567 1203 2627 ''.
1293 2563 1511 2647 Atque
1553 2566 1659 2628 in-

61 2678 242 2742 terim
275 2675 646 2760 Ctefiphon,
710 2677 884 2741 sedes
917 2678 1204 2760 imperii,
1264 2678 1504 2760 petita:
1550 2678 1660 2742 sed

58 2791 161 2854 ubi
203 2792 376 2858 diem
417 2811 498 2854 ex
545 2790 650 2854 die
691 2779 1127 2873 prolatabant',
1178 2791 1398 2855 multis
1440 2810 1659 2854 coram

61 2903 123 2967 δε
158 2904 682 2988 adprobantibus,
730 2900 996 2980 Surena,
1025 2905 1233 2988 patrio
1258 2923 1465 2980 more,
1482 2903 1661 2968 Tiri-

57 3017 240 3082 daten
269 3014 496 3098 insigni
523 3017 698 3100 regio
729 3017 994 3082 evinx‘it.

16 3217 18 3220 y
179 3129 433 3196 XLIII.
481 3131 582 3193 Ac
608 3130 653 3194 fi
677 3130 885 3194 statim
915 3109 1241 3210 interiora,
1288 3129 1657 3212 ceterasque
1728 3195 1745 3228 χ

58 3244 342 3308 nationes
371 3243 706 3327 petivifl'et,
751 3243 1036 3327 opprefl'a
1066 3243 1504 3308 cunctantium
1534 3244 1691 3324 du-x

25 3355 272 3430 ·bi.tatio
285 3403 309 3442 ,
355 3355 425 3425 δε
462 3377 685 3428 omnes
719 3358 790 3430 in
837 3375 1048 3426 unum
1097 3357 1440 3425 cedebant:
1490 3349 1655 3432 adii-3
