2134 3859
502 0 507 2 γ
660 0 685 2 ..
734 0 739 2 .
764 0 815 3 ,,-,
856 0 873 2 ..
988 0 1104 7 -ssr-—w

193 0 348 13 W

209 242 496 329 ANM
511 244 1093 323 cnccmcxm.
1140 238 1307 327 AER‘.
1326 258 1523 333 (ιω.
1596 252 1735 363 2ae

39 420 282 489 fieret
301 428 366 489 ”2
421 426 694 509 quidam
721 428 804 491 ad
826 426 1163 495 saevitiam
1184 437 1558 519 trahebant3
1598 464 1717 520 ne-

43 558 202 620 que
241 539 440 603 enim
475 540 839 620 cefl'urum,
884 542 1002 607 nifi
1029 548 1713 625 damnandi'officio’'.

197 651 499 719 XXIII.
575 654 820 738 Lepida
874 657 1185 724 ludorum
1245 662 1475 731 diebus
1501 716 1521 747 ,
1594 663 1717 756 qui.

39 768 541 848 cognitionem
588 770 1120 852 intervenerant,
1185 779 1517 847 theatrum
1556 806 1712 853 cum

39 878 274 943 claris
319 882 588 947 feminis
623 883 934 967 ingressa,
990 887 1713 966 lamentatione-flebili

39 998 92 1029 “
131 995 450 1079 majores
495 994 645 1060 suos
674 1000 711 1026 ’‘
775 999 952 1063 ciens
981 1044 1000 1076 ,
1062 1004 1463 1093 “ipsumque
1511 1013 1709 1078 Pom-

41 1110 394 1191 peium”,
454 1110 644 1192 cujus
701 1132 781 1175 ea
823 1132 930 1177 mo
983 1114 1002 1129 ‘
1075 1130 1225 1181 enta
1270 1120 1339 1186 δε
1380 1100 1720 1193 adstantes}

39 1219 407 1305 imagines
448 1223 820 1289 visebantur
843 1270 864 1303 ,
927 1236 958 1289 t
1043 1240 1189 1293 tum
1226 1235 1706 1307 misericordiae

47 1336 447 1420 permovit,
491 1344 573 1401 ut
607 1336 793 1402 effusi
828 1340 898 1401 in
934 1342 1231 1408 lacrimas
1258 1392 1279 1424 ,
1328 1348 1582 1419 “saeva
1628 1354 1702 1422 δε

45 1451 468 1515 detestanda
513 1450 870 1555 Quirirffl”
899 1456 1315 1541 clamitarent
1337 1507 1358 1538 ,
1429 1470 1474 1500 “
1504 1466 1699 1549 quus

45 1562 388 1629 senestae
415 1572 621 1647 atque
643 1566 937 1644 orbitati,
981 1568 1052 1635 δε
1080 1572 1547 1641 obscuriffimae
1582 1582 1703 1644 do-

47 1680 223 1743 mui
249 1722 274 1756 ,
351 1676 666 1741 destinata
703 1672 1036 1763 quondam
1080 1702 1250 1749 uxor
1286 1688 1363 1752 L.
1408 1691 1697 1773 Caesari,

47 1810 140 1855 ac
172 1793 356 1857 ¹divo
385 1790 682 1874 Augusto
718 1812 960 1873 nuruS,
1009 1799 1363 1868 dederetur
1378 1807 1436 1873 ”.
1522 1806 1698 1875 Dein

51 1906 429 1970 tormentis
476 1904 813 1971 servorum
868 1912 1191 1992 patefasta
1229 1914 1379 1981 sunt
1413 1920 1695 2005 flagitia,

51 2018 388 2103 itumque
436 2015 506 2083 in
561 2014 942 2089 sententiam
995 2026 1280 2093 Rubellii
1327 2020 1592 2112 Blandi,
1653 2057 1695 2101 a.

59 2154 216 2218 quo
257 2150 436 2217 aqua
459 2140 658 2217 atque
691 2136 826 2218 igni
850 2139 1224 2215 arcebatur.
1310 2141 1491 2211 Huic
1515 2150 1696 2231 Dru·-

59 2248 184 2313 sus
214 2244 520 2326 adsenfit,
567 2267 974 2333 quamquam
1009 2253 1124 2316 alii
1152 2256 1377 2322 mitius
1412 2262 1695 2327 censuis-

61 2360 257 2425 sent:
305 2378 459 2425 mox
495 2358 776 2441 Scaum,
823 2365 942 2448 qui
975 2363 1179 2453 filiam
1214 2390 1297 2432 ex
1336 2392 1415 2434 ea
1440 2394 1693 2456 genue-

65 2486 217 2552 rat,
266 2476 530 2554 datum,
555 2478 660 2539 'ne
703 2478 873 2543 bona
909 2479 1418 2563 publicarentur.
1510 2486 1694 2553 Tum.

69 2592 352 2657 demum
389 2590 653 2674 aperuit'
678 2590 988 2657 Tiberius
1009 2636 1028 2670 ,
1077 2600 1543 2678 “compertum
1577 2592 1697 2668 fibi

71 2707 288 2770 etiam
323 2712 407 2768 'ex
445 2704 518 2768 Ρ.
549 2688 848 2809 Ωαίτίιιῆ
869 2704 1106 2786 ἰετνίε,
1150 2728 1405 2776 veneno
1450 2732 1609 2799 eum
1650 2735 1692 2782 a

71 2819 331 2905 Lepida
365 2818 723 2906 petitunff,

211 2930 474 2999 XXIV.
515 2931 894 3001 Inlustrium
917 2935 1239 3001 domuum
1264 2938 1529 3007 adversa
1552 2940 1693 3028 (et-

76 3048 257 3113 enim
284 3048 464 3113 haud
488 3047 774 3113 multum
805 3046 1061 3115 distanti
1087 3061 1383 3137 tempore
1416 3055 1691 3139 Calpur-

79 3162 174 3225 nii
225 3162 560 3239 Pisonem,
619 3160 886 3228 Aemilii
935 3165 1244 3249 Lepidam
1294 3168 1689 3255 amiserant)
1733 3245 1741 3253 ἢ

78 3274 306 3341 solatio
354 3274 596 3342 adfecit
628 3276 714 3341 D.
761 3274 1020 3343 Silanus
1040 3323 1059 3357 ,
1122 3280 1357 3355 Juniae
1392 3280 1689 3346 familiae

83 3391 400 3461 redditus.
471 3386 707 3459 Casum
743 3391 884 3479 ejus
920 3393 1150 3478 paucis
1189 3401 1505 3571 xgpetam.
1592 3392 1690 3501 Ut

1292 3524 1339 3575 2
