<?xml version="1.0" encoding="UTF-8"?>
<!DOCTYPE html PUBLIC "-//W3C//DTD XHTML 1.0 Transitional//EN"
    "http://www.w3.org/TR/xhtml1/DTD/xhtml1-transitional.dtd">
<html xmlns="http://www.w3.org/1999/xhtml" xml:lang="en" lang="en">
 <head>
  <title>
</title>
<meta http-equiv="Content-Type" content="text/html;charset=utf-8" />
  <meta name='ocr-system' content='tesseract 3.04.00' />
  <meta name='ocr-capabilities' content='ocr_page ocr_carea ocr_par ocr_line ocrx_word'/>
</head>
<body>
  <div class='ocr_page' id='page_1' title='image "./ccorneliitactio00brotgoog_0361.png"; bbox 0 0 2134 3859; ppageno 0'>
   <div class='ocr_carea' id='block_1_1' title="bbox 19 207 1649 312">
    <p class='ocr_par' dir='ltr' id='par_1_1' title="bbox 19 207 1649 312">
     <span class='ocr_line' id='line_1_1' title="bbox 19 207 1649 312; baseline 0.001 -22"><span class='ocrx_word' id='word_1_1' title='bbox 19 207 24 212; x_wconf 78' lang='grc'><em>’</em></span> <span class='ocrx_word' id='word_1_2' title='bbox 123 219 1044 292; x_wconf 80' lang='lat' dir='ltr'><strong>AN.V.c.D.chxxxlv.</strong></span> <span class='ocrx_word' id='word_1_3' title='bbox 1088 222 1256 288; x_wconf 85' lang='lat' dir='ltr'>AER.</span> <span class='ocrx_word' id='word_1_4' title='bbox 1278 224 1477 308; x_wconf 81' lang='lat' dir='ltr'>c.31.</span> <span class='ocrx_word' id='word_1_5' title='bbox 1522 245 1649 312; x_wconf 79' lang='lat'>351</span> 
     </span>
    </p>
   </div>
   <div class='ocr_carea' id='block_1_2' title="bbox 15 395 1783 1271">
    <p class='ocr_par' dir='ltr' id='par_1_2' title="bbox 15 395 1783 1271">
     <span class='ocr_line' id='line_1_2' title="bbox 37 395 1651 484; baseline 0 -20"><span class='ocrx_word' id='word_1_6' title='bbox 37 421 190 476; x_wconf 87' lang='lat' dir='ltr'>cae,</span> <span class='ocrx_word' id='word_1_7' title='bbox 235 399 460 484; x_wconf 85' lang='lat' dir='ltr'>plures</span> <span class='ocrx_word' id='word_1_8' title='bbox 489 395 946 475; x_wconf 84' lang='lat' dir='ltr'>adsuetudine,</span> <span class='ocrx_word' id='word_1_9' title='bbox 995 443 1177 462; x_wconf 75' lang='grc'><strong>.....</strong></span> <span class='ocrx_word' id='word_1_10' title='bbox 1186 399 1404 464; x_wconf 86' lang='lat' dir='ltr'>“mihi</span> <span class='ocrx_word' id='word_1_11' title='bbox 1436 402 1651 484; x_wconf 88' lang='lat' dir='ltr'>pudo-</span> 
     </span>
     <span class='ocr_line' id='line_1_3' title="bbox 41 509 1655 596; baseline -0.001 -16"><span class='ocrx_word' id='word_1_12' title='bbox 41 533 214 591; x_wconf 89' lang='lat' dir='ltr'><strong>rem,</strong></span> <span class='ocrx_word' id='word_1_13' title='bbox 282 523 400 578; x_wconf 82' lang='lat' dir='ltr'>aut</span> <span class='ocrx_word' id='word_1_14' title='bbox 457 509 688 596; x_wconf 84' lang='lat' dir='ltr'>Sejano</span> <span class='ocrx_word' id='word_1_15' title='bbox 740 511 1050 578; x_wconf 82' lang='lat' dir='ltr'>invidiam</span> <span class='ocrx_word' id='word_1_16' title='bbox 1080 511 1455 578; x_wconf 82' lang='lat' dir='ltr'>&#39;allaturum</span> <span class='ocrx_word' id='word_1_17' title='bbox 1502 533 1655 579; x_wconf 88' lang='lat' dir='ltr'>cen-</span> 
     </span>
     <span class='ocr_line' id='line_1_4' title="bbox 44 603 1761 715; baseline -0.001 -21"><span class='ocrx_word' id='word_1_18' title='bbox 44 629 137 694; x_wconf 88' lang='lat' dir='ltr'>sui</span> <span class='ocrx_word' id='word_1_19' title='bbox 271 672 287 690; x_wconf 92' lang='lat'><strong>.</strong></span> <span class='ocrx_word' id='word_1_20' title='bbox 316 672 332 690; x_wconf 92' lang='lat'><strong>.</strong></span> <span class='ocrx_word' id='word_1_21' title='bbox 366 626 542 691; x_wconf 87' lang='lat' dir='ltr'>versa</span> <span class='ocrx_word' id='word_1_22' title='bbox 587 625 675 692; x_wconf 89' lang='lat' dir='ltr'>est</span> <span class='ocrx_word' id='word_1_23' title='bbox 713 627 1012 704; x_wconf 81' lang='lat' dir='ltr'>fortuna,</span> <span class='ocrx_word' id='word_1_24' title='bbox 1074 625 1143 692; x_wconf 87' lang='lat'>&amp;</span> <span class='ocrx_word' id='word_1_25' title='bbox 1191 603 1326 693; x_wconf 77' lang='lat' dir='ltr'>ine&#39;</span> <span class='ocrx_word' id='word_1_26' title='bbox 1351 627 1653 711; x_wconf 82' lang='lat' dir='ltr'>quidem,</span> <span class='ocrx_word' id='word_1_27' title='bbox 1755 709 1761 715; x_wconf 15' lang='grc' dir='ltr'><strong>ἢ</strong></span> 
     </span>
     <span class='ocr_line' id='line_1_5' title="bbox 45 731 1655 826; baseline 0.001 -21"><span class='ocrx_word' id='word_1_28' title='bbox 45 741 156 826; x_wconf 87' lang='lat' dir='ltr'>qui</span> <span class='ocrx_word' id='word_1_29' title='bbox 211 731 538 822; x_wconf 70' lang='lat' dir='ltr'>collegam&#39;</span> <span class='ocrx_word' id='word_1_30' title='bbox 577 739 646 806; x_wconf 73' lang='grc' dir='ltr'>δε</span> <span class='ocrx_word' id='word_1_31' title='bbox 693 759 1006 822; x_wconf 84' lang='lat' dir='ltr'><strong>generum</strong></span> <span class='ocrx_word' id='word_1_32' title='bbox 1065 738 1466 818; x_wconf 85' lang='lat' dir='ltr'>adsciverat,</span> <span class='ocrx_word' id='word_1_33' title='bbox 1538 740 1655 806; x_wconf 85' lang='lat' dir='ltr'>fibi</span> 
     </span>
     <span class='ocr_line' id='line_1_6' title="bbox 43 853 1655 940; baseline 0.001 -20"><span class='ocrx_word' id='word_1_34' title='bbox 43 853 344 938; x_wconf 83' lang='lat' dir='ltr'><strong>ignoscit:</strong></span> <span class='ocrx_word' id='word_1_35' title='bbox 397 854 630 930; x_wconf 89' lang='lat' dir='ltr'>ceteri,</span> <span class='ocrx_word' id='word_1_36' title='bbox 679 867 871 937; x_wconf 80' lang='lat' dir='ltr'>quem</span> <span class='ocrx_word' id='word_1_37' title='bbox 913 873 1026 940; x_wconf 89' lang='lat' dir='ltr'>per</span> <span class='ocrx_word' id='word_1_38' title='bbox 1055 857 1369 919; x_wconf 87' lang='lat' dir='ltr'>dedecora</span> <span class='ocrx_word' id='word_1_39' title='bbox 1406 855 1655 929; x_wconf 82' lang='lat' dir='ltr'>fovere,</span> 
     </span>
     <span class='ocr_line' id='line_1_7' title="bbox 47 965 1655 1061; baseline 0.002 -30"><span class='ocrx_word' id='word_1_40' title='bbox 47 991 195 1032; x_wconf 86' lang='lat' dir='ltr'>cum</span> <span class='ocrx_word' id='word_1_41' title='bbox 228 967 469 1032; x_wconf 85' lang='lat' dir='ltr'>scelere</span> <span class='ocrx_word' id='word_1_42' title='bbox 505 965 893 1032; x_wconf 63' lang='lat' dir='ltr'>insefitantur</span> <span class='ocrx_word' id='word_1_43' title='bbox 927 1014 944 1030; x_wconf 90' lang='lat'><strong>.</strong></span> <span class='ocrx_word' id='word_1_44' title='bbox 985 1013 1001 1030; x_wconf 91' lang='lat'><strong>.</strong></span> <span class='ocrx_word' id='word_1_45' title='bbox 1037 1015 1055 1030; x_wconf 90' lang='lat'><strong>.</strong></span> <span class='ocrx_word' id='word_1_46' title='bbox 1092 1013 1109 1035; x_wconf 84' lang='grc'><strong>.</strong></span> <span class='ocrx_word' id='word_1_47' title='bbox 1140 967 1434 1061; x_wconf 51' lang='lat' dir='ltr'>gulferius</span> <span class='ocrx_word' id='word_1_48' title='bbox 1460 966 1537 1030; x_wconf 86' lang='lat' dir='ltr'>fit</span> <span class='ocrx_word' id='word_1_49' title='bbox 1572 971 1655 1034; x_wconf 92' lang='lat' dir='ltr'>ob</span> 
     </span>
     <span class='ocr_line' id='line_1_8' title="bbox 15 1075 1657 1159; baseline 0.001 -14"><span class='ocrx_word' id='word_1_50' title='bbox 15 1075 401 1156; x_wconf 60' lang='lat' dir='ltr'>,amicitiem</span> <span class='ocrx_word' id='word_1_51' title='bbox 451 1081 778 1158; x_wconf 84' lang='lat' dir='ltr'>accusari,</span> <span class='ocrx_word' id='word_1_52' title='bbox 843 1102 928 1144; x_wconf 76' lang='lat' dir='ltr'>an</span> <span class='ocrx_word' id='word_1_53' title='bbox 976 1082 1260 1146; x_wconf 83' lang='lat' dir='ltr'>amicum</span> <span class='ocrx_word' id='word_1_54' title='bbox 1320 1080 1657 1159; x_wconf 85' lang='lat' dir='ltr'>accusare,</span> 
     </span>
     <span class='ocr_line' id='line_1_9' title="bbox 47 1191 1783 1271; baseline 0.001 -12"><span class='ocrx_word' id='word_1_55' title='bbox 47 1196 222 1259; x_wconf 88' lang='lat' dir='ltr'>haud</span> <span class='ocrx_word' id='word_1_56' title='bbox 251 1193 660 1260; x_wconf 84' lang='lat' dir='ltr'>discreverim</span> <span class='ocrx_word' id='word_1_57' title='bbox 684 1240 700 1257; x_wconf 90' lang='lat'><strong>.</strong></span> <span class='ocrx_word' id='word_1_58' title='bbox 736 1239 754 1258; x_wconf 86' lang='lat'><strong>.</strong></span> <span class='ocrx_word' id='word_1_59' title='bbox 784 1239 802 1258; x_wconf 85' lang='lat'><strong>.</strong></span> <span class='ocrx_word' id='word_1_60' title='bbox 827 1212 1004 1259; x_wconf 80' lang='lat' dir='ltr'>.‘non</span> <span class='ocrx_word' id='word_1_61' title='bbox 1029 1191 1501 1271; x_wconf 79' lang='lat' dir='ltr'><strong>crudelitatem,</strong></span> <span class='ocrx_word' id='word_1_62' title='bbox 1523 1215 1669 1260; x_wconf 84' lang='lat' dir='ltr'>non·</span> <span class='ocrx_word' id='word_1_63' title='bbox 1778 1217 1783 1234; x_wconf 76' lang='lat'><strong>¹</strong></span> 
     </span>
    </p>
   </div>
   <div class='ocr_carea' id='block_1_3' title="bbox 15 1273 214 1290">
    <p class='ocr_par' dir='ltr' id='par_1_3' title="bbox 15 1273 214 1290">
     <span class='ocr_line' id='line_1_10' title="bbox 15 1273 214 1290; baseline 0 2569"><span class='ocrx_word' id='word_1_64' title='bbox 15 1273 214 1290; x_wconf 95' lang='lat' dir='ltr'> </span> 
     </span>
    </p>
   </div>
   <div class='ocr_carea' id='block_1_4' title="bbox 48 1305 1717 3426">
    <p class='ocr_par' dir='ltr' id='par_1_4' title="bbox 48 1305 1717 3426">
     <span class='ocr_line' id='line_1_11' title="bbox 48 1305 1657 1390; baseline 0.002 -20"><span class='ocrx_word' id='word_1_65' title='bbox 48 1307 464 1373; x_wconf 83' lang='lat' dir='ltr'>elementiam</span> <span class='ocrx_word' id='word_1_66' title='bbox 493 1305 876 1390; x_wconf 85' lang='lat' dir='ltr'>cujusquam</span> <span class='ocrx_word' id='word_1_67' title='bbox 901 1308 1224 1390; x_wconf 83' lang='lat' dir='ltr'>experiar,</span> <span class='ocrx_word' id='word_1_68' title='bbox 1271 1309 1377 1370; x_wconf 85' lang='lat' dir='ltr'>sed</span> <span class='ocrx_word' id='word_1_69' title='bbox 1404 1307 1565 1372; x_wconf 77' lang='lat' dir='ltr'>liber</span> <span class='ocrx_word' id='word_1_70' title='bbox 1586 1307 1657 1373; x_wconf 71' lang='grc' dir='ltr'>δε</span> 
     </span>
     <span class='ocr_line' id='line_1_12' title="bbox 49 1417 1657 1505; baseline -0.004 -15"><span class='ocrx_word' id='word_1_71' title='bbox 49 1421 204 1490; x_wconf 85' lang='lat' dir='ltr'>mihi</span> <span class='ocrx_word' id='word_1_72' title='bbox 235 1420 354 1505; x_wconf 86' lang='lat' dir='ltr'>ipfi</span> <span class='ocrx_word' id='word_1_73' title='bbox 395 1421 704 1504; x_wconf 84' lang='lat' dir='ltr'>probatus</span> <span class='ocrx_word' id='word_1_74' title='bbox 737 1421 995 1484; x_wconf 85' lang='lat' dir='ltr'><strong>anteibo</strong></span> <span class='ocrx_word' id='word_1_75' title='bbox 1040 1421 1423 1503; x_wconf 85' lang='lat' dir='ltr'>periculum.</span> <span class='ocrx_word' id='word_1_76' title='bbox 1514 1417 1657 1486; x_wconf 85' lang='lat' dir='ltr'>Vos</span> 
     </span>
     <span class='ocr_line' id='line_1_13' title="bbox 53 1533 1662 1617; baseline -0.001 -19"><span class='ocrx_word' id='word_1_77' title='bbox 53 1533 334 1600; x_wconf 88' lang='lat' dir='ltr'>obtestor</span> <span class='ocrx_word' id='word_1_78' title='bbox 352 1581 371 1612; x_wconf 86' lang='lat'>,</span> <span class='ocrx_word' id='word_1_79' title='bbox 415 1555 498 1598; x_wconf 87' lang='lat' dir='ltr'>ne</span> <span class='ocrx_word' id='word_1_80' title='bbox 531 1535 906 1597; x_wconf 83' lang='lat' dir='ltr'>memoriam</span> <span class='ocrx_word' id='word_1_81' title='bbox 933 1533 1129 1598; x_wconf 87' lang='lat' dir='ltr'>nostri</span> <span class='ocrx_word' id='word_1_82' title='bbox 1154 1554 1269 1617; x_wconf 87' lang='lat' dir='ltr'>per</span> <span class='ocrx_word' id='word_1_83' title='bbox 1292 1553 1662 1597; x_wconf 83' lang='lat' dir='ltr'>moerorem</span> 
     </span>
     <span class='ocr_line' id='line_1_14' title="bbox 55 1646 1663 1731; baseline -0.001 -20"><span class='ocrx_word' id='word_1_84' title='bbox 55 1667 250 1731; x_wconf 89' lang='lat' dir='ltr'>quam</span> <span class='ocrx_word' id='word_1_85' title='bbox 284 1647 442 1712; x_wconf 85' lang='lat' dir='ltr'>laeti</span> <span class='ocrx_word' id='word_1_86' title='bbox 473 1646 826 1724; x_wconf 86' lang='lat' dir='ltr'>retineatis,</span> <span class='ocrx_word' id='word_1_87' title='bbox 873 1647 1231 1730; x_wconf 80' lang='lat' dir='ltr'>adjiciendo</span> <span class='ocrx_word' id='word_1_88' title='bbox 1262 1667 1367 1711; x_wconf 86' lang='lat' dir='ltr'>me</span> <span class='ocrx_word' id='word_1_89' title='bbox 1401 1666 1663 1730; x_wconf 83' lang='lat' dir='ltr'>quoque</span> 
     </span>
     <span class='ocr_line' id='line_1_15' title="bbox 53 1759 1659 1843; baseline -0.001 -21"><span class='ocrx_word' id='word_1_90' title='bbox 53 1759 149 1837; x_wconf 88' lang='lat' dir='ltr'>iis,</span> <span class='ocrx_word' id='word_1_91' title='bbox 197 1763 318 1843; x_wconf 90' lang='lat' dir='ltr'>qui</span> <span class='ocrx_word' id='word_1_92' title='bbox 343 1760 472 1824; x_wconf 89' lang='lat' dir='ltr'>fine</span> <span class='ocrx_word' id='word_1_93' title='bbox 491 1760 746 1842; x_wconf 85' lang='lat' dir='ltr'>egregio</span> <span class='ocrx_word' id='word_1_94' title='bbox 767 1761 1025 1843; x_wconf 86' lang='lat' dir='ltr'>publica</span> <span class='ocrx_word' id='word_1_95' title='bbox 1041 1763 1213 1824; x_wconf 83' lang='lat' dir='ltr'>mala</span> <span class='ocrx_word' id='word_1_96' title='bbox 1228 1759 1659 1843; x_wconf 75' lang='lat' dir='ltr'>effugesunt”.</span> 
     </span>
     <span class='ocr_line' id='line_1_16' title="bbox 135 1843 1705 1954; baseline -0.001 -20"><span class='ocrx_word' id='word_1_97' title='bbox 135 1877 357 1954; x_wconf 82' lang='lat' dir='ltr'>Everso</span> <span class='ocrx_word' id='word_1_98' title='bbox 403 1873 645 1934; x_wconf 80' lang='lat' dir='ltr'>tandem</span> <span class='ocrx_word' id='word_1_99' title='bbox 698 1875 951 1951; x_wconf 72' lang='lat' dir='ltr'>sejano,</span> <span class='ocrx_word' id='word_1_100' title='bbox 997 1879 1060 1934; x_wconf 85' lang='lat' dir='ltr'>in</span> <span class='ocrx_word' id='word_1_101' title='bbox 1096 1879 1317 1934; x_wconf 83' lang='lat' dir='ltr'>amicos</span> <span class='ocrx_word' id='word_1_102' title='bbox 1350 1879 1471 1950; x_wconf 84' lang='lat' dir='ltr'>ejus</span> <span class='ocrx_word' id='word_1_103' title='bbox 1503 1870 1575 1940; x_wconf 80' lang='grc' dir='ltr'>ό·</span> <span class='ocrx_word' id='word_1_104' title='bbox 1696 1843 1705 1856; x_wconf 70' lang='lat'>‚</span> 
     </span>
     <span class='ocr_line' id='line_1_17' title="bbox 546 1957 1367 2046; baseline 0.001 -2"><span class='ocrx_word' id='word_1_105' title='bbox 546 1987 760 2044; x_wconf 81' lang='lat' dir='ltr'>liberos</span> <span class='ocrx_word' id='word_1_106' title='bbox 797 1986 1165 2046; x_wconf 73' lang='lat' dir='ltr'>advertitur.</span> <span class='ocrx_word' id='word_1_107' title='bbox 1364 1957 1367 1964; x_wconf 28' lang='grc' dir='ltr'>Ι</span> 
     </span>
     <span class='ocr_line' id='line_1_18' title="bbox 71 2079 1675 2180; baseline -0.004 -17"><span class='ocrx_word' id='word_1_108' title='bbox 71 2145 76 2152; x_wconf 95' lang='grc'>-</span> <span class='ocrx_word' id='word_1_109' title='bbox 182 2093 345 2162; x_wconf 87' lang='lat' dir='ltr'><strong>VII.</strong></span> <span class='ocrx_word' id='word_1_110' title='bbox 392 2079 582 2160; x_wconf 73' lang='lat' dir='ltr'>Tun&#39;e</span> <span class='ocrx_word' id='word_1_111' title='bbox 605 2093 918 2177; x_wconf 82' lang='lat' dir='ltr'>fingule,</span> <span class='ocrx_word' id='word_1_112' title='bbox 964 2106 1042 2160; x_wconf 88' lang='lat' dir='ltr'>ut</span> <span class='ocrx_word' id='word_1_113' title='bbox 1074 2098 1319 2180; x_wconf 87' lang='lat' dir='ltr'>cuique</span> <span class='ocrx_word' id='word_1_114' title='bbox 1344 2093 1675 2169; x_wconf 70' lang='lat' dir='ltr'>adssstere,›</span> 
     </span>
     <span class='ocr_line' id='line_1_19' title="bbox 57 2203 1665 2292; baseline -0.004 -18"><span class='ocrx_word' id='word_1_115' title='bbox 57 2212 318 2292; x_wconf 84' lang='lat' dir='ltr'>adloqui</span> <span class='ocrx_word' id='word_1_116' title='bbox 361 2209 618 2274; x_wconf 84' lang='lat' dir='ltr'>animus</span> <span class='ocrx_word' id='word_1_117' title='bbox 655 2221 834 2286; x_wconf 83' lang='lat' dir='ltr'>erat,</span> <span class='ocrx_word' id='word_1_118' title='bbox 907 2203 1229 2286; x_wconf 63' lang='lat' dir='ltr'>retinens,</span> <span class='ocrx_word' id='word_1_119' title='bbox 1288 2218 1407 2275; x_wconf 88' lang='lat' dir='ltr'>aut</span> <span class='ocrx_word' id='word_1_120' title='bbox 1448 2208 1665 2271; x_wconf 80' lang='lat' dir='ltr'>dimit-</span> 
     </span>
     <span class='ocr_line' id='line_1_20' title="bbox 57 2315 1667 2408; baseline -0.002 -22"><span class='ocrx_word' id='word_1_121' title='bbox 57 2333 225 2403; x_wconf 85' lang='lat' dir='ltr'>tens,</span> <span class='ocrx_word' id='word_1_122' title='bbox 272 2315 522 2408; x_wconf 72' lang='lat' dir='ltr'>part&#39;em</span> <span class='ocrx_word' id='word_1_123' title='bbox 569 2322 699 2386; x_wconf 86' lang='lat' dir='ltr'>diei</span> <span class='ocrx_word' id='word_1_124' title='bbox 739 2319 1121 2406; x_wconf 81' lang='lat' dir='ltr'>absumpfit3</span> <span class='ocrx_word' id='word_1_125' title='bbox 1166 2323 1503 2404; x_wconf 84' lang='lat' dir='ltr'>multoque</span> <span class='ocrx_word' id='word_1_126' title='bbox 1550 2321 1667 2382; x_wconf 81' lang='lat' dir='ltr'>ad-</span> 
     </span>
     <span class='ocr_line' id='line_1_21' title="bbox 60 2431 1667 2520; baseline -0.004 -20"><span class='ocrx_word' id='word_1_127' title='bbox 60 2439 179 2500; x_wconf 90' lang='lat' dir='ltr'>huc</span> <span class='ocrx_word' id='word_1_128' title='bbox 205 2445 426 2508; x_wconf 85' lang='lat' dir='ltr'>coetu,</span> <span class='ocrx_word' id='word_1_129' title='bbox 473 2435 542 2500; x_wconf 88' lang='lat'>&amp;</span> <span class='ocrx_word' id='word_1_130' title='bbox 561 2433 807 2500; x_wconf 72' lang='lat' dir='ltr'>cunstis</span> <span class='ocrx_word' id='word_1_131' title='bbox 827 2436 1221 2520; x_wconf 85' lang='lat' dir='ltr'>intrepidum</span> <span class='ocrx_word' id='word_1_132' title='bbox 1244 2433 1502 2498; x_wconf 84' lang='lat' dir='ltr'>vultum</span> <span class='ocrx_word' id='word_1_133' title='bbox 1524 2431 1667 2512; x_wconf 68' lang='lat' dir='ltr'>eJus</span> 
     </span>
     <span class='ocr_line' id='line_1_22' title="bbox 63 2541 1669 2633; baseline -0.003 -22"><span class='ocrx_word' id='word_1_134' title='bbox 63 2547 520 2632; x_wconf 51' lang='lat' dir='ltr'>spetiantibus,</span> <span class='ocrx_word' id='word_1_135' title='bbox 577 2571 728 2614; x_wconf 86' lang='lat' dir='ltr'>cum</span> <span class='ocrx_word' id='word_1_136' title='bbox 766 2547 1077 2633; x_wconf 79' lang='lat' dir='ltr'>superess&#39;e</span> <span class='ocrx_word' id='word_1_137' title='bbox 1112 2559 1371 2632; x_wconf 85' lang='lat' dir='ltr'>tempus</span> <span class='ocrx_word' id='word_1_138' title='bbox 1414 2541 1669 2610; x_wconf 76' lang='lat' dir='ltr'>novisti·-</span> 
     </span>
     <span class='ocr_line' id='line_1_23' title="bbox 66 2653 1669 2746; baseline -0.005 -20"><span class='ocrx_word' id='word_1_139' title='bbox 66 2666 180 2726; x_wconf 88' lang='lat' dir='ltr'>mis</span> <span class='ocrx_word' id='word_1_140' title='bbox 213 2666 571 2739; x_wconf 84' lang='lat' dir='ltr'>crederent,</span> <span class='ocrx_word' id='word_1_141' title='bbox 617 2653 852 2746; x_wconf 57' lang='lat' dir='ltr'>gladie,</span> <span class='ocrx_word' id='word_1_142' title='bbox 900 2681 1098 2746; x_wconf 86' lang='lat' dir='ltr'>quem</span> <span class='ocrx_word' id='word_1_143' title='bbox 1136 2662 1279 2726; x_wconf 83' lang='lat' dir='ltr'>smu</span> <span class='ocrx_word' id='word_1_144' title='bbox 1316 2659 1669 2734; x_wconf 84' lang='lat' dir='ltr'>abdiderat,</span> 
     </span>
     <span class='ocr_line' id='line_1_24' title="bbox 67 2773 1681 2858; baseline -0.002 -21"><span class='ocrx_word' id='word_1_145' title='bbox 67 2775 378 2840; x_wconf 82' lang='lat' dir='ltr'>incubuit.</span> <span class='ocrx_word' id='word_1_146' title='bbox 469 2773 704 2858; x_wconf 87' lang='lat' dir='ltr'>Neque</span> <span class='ocrx_word' id='word_1_147' title='bbox 765 2776 990 2846; x_wconf 83' lang='lat' dir='ltr'>Caesar</span> <span class='ocrx_word' id='word_1_148' title='bbox 1041 2778 1195 2841; x_wconf 88' lang='lat' dir='ltr'>ullis</span> <span class='ocrx_word' id='word_1_149' title='bbox 1258 2773 1681 2846; x_wconf 67' lang='lat' dir='ltr'>criminibuS,</span> 
     </span>
     <span class='ocr_line' id='line_1_25' title="bbox 72 2887 1717 2972; baseline -0.004 -22"><span class='ocrx_word' id='word_1_150' title='bbox 72 2900 183 2951; x_wconf 82' lang='lat' dir='ltr'>aut</span> <span class='ocrx_word' id='word_1_151' title='bbox 220 2889 502 2972; x_wconf 85' lang='lat' dir='ltr'>probris,</span> <span class='ocrx_word' id='word_1_152' title='bbox 550 2888 931 2954; x_wconf 68' lang='lat' dir='ltr'>defun&amp;um</span> <span class='ocrx_word' id='word_1_153' title='bbox 972 2888 1321 2954; x_wconf 56' lang='lat' dir='ltr'>inscelestus</span> <span class='ocrx_word' id='word_1_154' title='bbox 1352 2887 1474 2962; x_wconf 86' lang='lat' dir='ltr'>est,</span> <span class='ocrx_word' id='word_1_155' title='bbox 1521 2904 1673 2950; x_wconf 87' lang='lat' dir='ltr'>cum</span> <span class='ocrx_word' id='word_1_156' title='bbox 1697 2920 1717 2932; x_wconf 44' lang='lat' dir='ltr'>x</span> 
     </span>
     <span class='ocr_line' id='line_1_26' title="bbox 74 2983 1497 3087; baseline -0.001 -27"><span class='ocrx_word' id='word_1_157' title='bbox 74 2999 132 3062; x_wconf 89' lang='lat' dir='ltr'>in</span> <span class='ocrx_word' id='word_1_158' title='bbox 163 3003 450 3068; x_wconf 82' lang='lat' dir='ltr'>Blaesum</span> <span class='ocrx_word' id='word_1_159' title='bbox 479 3004 688 3066; x_wconf 85' lang='lat' dir='ltr'>multa</span> <span class='ocrx_word' id='word_1_160' title='bbox 717 3005 1041 3087; x_wconf 82' lang='lat' dir='ltr'>foedaque</span> <span class='ocrx_word' id='word_1_161' title='bbox 1072 2983 1497 3066; x_wconf 62' lang='lat' dir='ltr'>incusaviss&#39;et.</span> 
     </span>
     <span class='ocr_line' id='line_1_27' title="bbox 197 3109 1677 3183; baseline -0.008 -1"><span class='ocrx_word' id='word_1_162' title='bbox 197 3113 394 3182; x_wconf 82' lang='lat' dir='ltr'>Vm.</span> <span class='ocrx_word' id='word_1_163' title='bbox 418 3116 720 3183; x_wconf 77' lang='lat' dir='ltr'>Relatum</span> <span class='ocrx_word' id='word_1_164' title='bbox 742 3119 888 3182; x_wconf 87' lang='lat' dir='ltr'>inde</span> <span class='ocrx_word' id='word_1_165' title='bbox 907 3121 984 3181; x_wconf 87' lang='lat' dir='ltr'>de</span> <span class='ocrx_word' id='word_1_166' title='bbox 1014 3119 1085 3181; x_wconf 90' lang='lat' dir='ltr'>P.</span> <span class='ocrx_word' id='word_1_167' title='bbox 1104 3117 1372 3183; x_wconf 87' lang='lat' dir='ltr'>Vitellio</span> <span class='ocrx_word' id='word_1_168' title='bbox 1395 3111 1460 3176; x_wconf 87' lang='lat'>&amp;</span> <span class='ocrx_word' id='word_1_169' title='bbox 1486 3109 1677 3172; x_wconf 85' lang='lat' dir='ltr'>Porn-</span> 
     </span>
     <span class='ocr_line' id='line_1_28' title="bbox 75 3226 1673 3308; baseline -0.004 -19"><span class='ocrx_word' id='word_1_170' title='bbox 75 3228 260 3308; x_wconf 90' lang='lat' dir='ltr'>ponio</span> <span class='ocrx_word' id='word_1_171' title='bbox 319 3227 616 3295; x_wconf 87' lang='lat' dir='ltr'>Secundo</span> <span class='ocrx_word' id='word_1_172' title='bbox 649 3251 665 3292; x_wconf 79' lang='lat' dir='ltr'><strong><em>z</em></strong></span> <span class='ocrx_word' id='word_1_173' title='bbox 737 3231 927 3296; x_wconf 85' lang='lat' dir='ltr'>illum</span> <span class='ocrx_word' id='word_1_174' title='bbox 983 3231 1228 3294; x_wconf 83' lang='lat' dir='ltr'>indices</span> <span class='ocrx_word' id='word_1_175' title='bbox 1281 3226 1673 3308; x_wconf 65' lang='lat' dir='ltr'>arguebam,</span> 
     </span>
     <span class='ocr_line' id='line_1_29' title="bbox 81 3333 1689 3426; baseline -0.005 -21"><span class='ocrx_word' id='word_1_176' title='bbox 81 3341 406 3425; x_wconf 72' lang='lat' dir='ltr'>“claustra</span> <span class='ocrx_word' id='word_1_177' title='bbox 460 3342 724 3420; x_wconf 79' lang='lat' dir='ltr'>aerarii,</span> <span class='ocrx_word' id='word_1_178' title='bbox 785 3345 892 3406; x_wconf 87' lang='lat' dir='ltr'>cui</span> <span class='ocrx_word' id='word_1_179' title='bbox 943 3341 1311 3426; x_wconf 62' lang='lat' dir='ltr'>praesetius</span> <span class='ocrx_word' id='word_1_180' title='bbox 1371 3349 1543 3414; x_wconf 83' lang='lat' dir='ltr'>erat,</span> <span class='ocrx_word' id='word_1_181' title='bbox 1609 3333 1689 3398; x_wconf 76' lang='grc' dir='ltr'>δε.</span> 
     </span>
    </p>
   </div>
  </div>
 </body>
</html>
