2134 3859
2110 0 2112 83 l

2111 88 2112 143 l

445 260 577 348 236
751 249 1318 328 ANNAL-IVM
1378 254 1571 329 Lm.
1637 248 1793 326 111.

446 392 650 503 Et'de
685 433 1274 515 Africadecretum
1292 480 1312 512 ,
1371 434 1508 499 “ut
1538 432 1761 501 Caesar
1786 408 2112 518 legere-ts

447 551 558 616 cui
585 549 948 613 mandanda
969 548 1208 614 foret’‘.

577 663 976 729 XXXIII.
1021 665 1204 731 Inter
1242 676 1409 748 quae
1453 661 1731 731 Severus
1784 661 2092 729 Caecina

448 778 727 855 censuit,
775 797 859 841 ne
887 794 1087 860 quem
1130 773 1606 861 magistratum,
1654 780 1763 843 cui
1793 777 2093 861 provin-

355 876 362 881 ’
448 896 550 957 cia
584 889 968 968 obveniffet,
1015 910 1185 959 uxor
1212 894 1720 958 comitaretur”:
1768 893 2088 955 multum

447 1016 598 1073 ante
631 1006 925 1098 repetito,
974 1009 1420 1071 “concordem
1446 1006 1559 1073 fib}
1588 1006 1966 1089 coniugem,
2012 1003 2114 1066 &¹

443 1120 550 1185 sex
579 1128 803 1204 partus
830 1120 1120 1185 enixam:
1168 1122 1385 1205 seque,
1432 1141 1602 1205 quae
1631 1123 1699 1185 in
1722 1119 2082 1204 publicum
2113 1132 2114 1135 ’

443 1234 778 1310 statueret,
823 1236 1002 1298 domi
1028 1234 1385 1314 servavisse,
1426 1235 1706 1303 cohibita
1736 1236 1909 1297 intra
1932 1234 2083 1295 Ita-

441 1345 637 1425 liam,
705 1368 1107 1432 quamquam
1141 1350 1273 1433 ipse
1302 1351 1521 1435 plures
1554 1368 1673 1434 per
1697 1346 2077 1433 provincias

449 1463 878 1546 quadraginta
895 1462 1206 1547 stipendia
1224 1460 1611 1550 explevisset.
1661 1464 1861 1527 Haud
1884 1462 2073 1525 enim

443 1575 682 1643 frustra
723 1578 1033 1658 placitum
1079 1579 1269 1657 olim,
1314 1599 1397 1643 ne
1433 1579 1711 1643 feminae
1750 1576 1818 1641 in
1860 1572 2073 1641 socios

445 1698 567 1753 aut
590 1699 812 1771 gentes
833 1699 1145 1779 ‚externas
1189 1695 1631 1758 traherentur:
1681 1687 1875 1755 ineffe
1909 1708 2069 1753 mu-

441 1800 681 1866 lierum
707 1804 1069 1881 comitatui,
1118 1824 1288 1888 quae
1322 1826 1546 1890 pacem
1570 1806 1764 1882 luxu,
1809 1803 2069 1874 bellum

443 1908 798 1979 fonidi'ne
837 1926 1175 1983 morentur
1205 1966 1224 1996 ,
1287 1918 1357 1983 &
1404 1919 1773 1984 Romanum
1828 1924 2071 2001 agmen·

445 2029 530 2091 ad
563 2010 1045 2094 firnilitudinem
1076 2032 1328 2122 barbari
1359 2032 1633 2098 incefl'us
1662 2038 2063 2098 convertant.

440 2138 510 2205 N
519 2162 608 2205 on
637 2142 1036 2207 imbecillum
1077 2153 1335 2210 tanturn
1355 2192 1375 2224 ‚
1424 2146 1492 2212 &
1537 2149 1847 2232 imparem
1879 2146 2062 2211 labo-

442 2254 630 2319 ribus
669 2255 927 2337 sexum3
972 2258 1120 2337 sed,
1166 2257 1215 2323 fi
1238 2261 1501 2326 licentia
1528 2260 1723 2338 adfit,
1769 2258 2057 2335 saevum,

444 2368 882 2449 ambitiosum,
927 2372 1257 2455 potestatis
1288 2376 1587 2440 avidum:
1634 2375 1933 2439 incedere
1959 2373 2060 2436 in-

444 2488 548 2546 ter
581 2484 817 2547 milites
839 2530 857 2560 ,
903 2472 1259 2552 habere'ad
1310 2508 1577 2553 manum
1606 2487 2055 2553 centuriones:

443 2596 818 2679 praesedisse
869 2618 1081 2681 nuper
1120 2603 1428 2685 feminam
1476 2602 1779 2666 exercitio
1830 2600 2057 2665 cohor-

441 2710 613 2771 tium
644 2756 662 2786 ,
729 2712 1001 2777 decursu
1043 2714 1402 2797 legionum.
1494 2714 1865 2797 Cogitarent
1908 2706 2056 2797 ipfi,

443 2821 750 2903 quotiens
788 2830 1298 2906 repetundarum
1344 2830 1549 2912 aliqui
1590 2836 2049 2911 arguerentur,

440 2934 632 3017 plura
674 2936 988 3001 uxoribus
1025 2938 1372 3021 objectari:
1435 2944 1535 3006 his
1578 2942 2054 3005 statimadhae-

443 3046 689 3110 rescere
723 3048 1145 3115 deterrImum
1167 3072 1500 3139 quemque
1522 3056 2049 3139 provincialium:

443 3161 522 3225 ab
573 3161 674 3224 his
719 3164 978 3244 negotia
1033 3164 1308 3250 suscipi,
1382 3168 1641 3253 tranfigi
1680 3190 1697 3233 z
1763 3170 2049 3233 duorum

442 3273 722 3354 egress'us
761 3277 918 3352 coli,
967 3280 1102 3343 duo
1138 3276 1262 3345 effe
1296 3283 1653 3365 praetoria3
1698 3281 2049 3365 pervicaci-

346 3389 356 3398 “
393 3442 400 3454 ,
429 3386 562 3479 „fs
599 3389 804 3472 magis
849 3389 919 3459 ἀ
961 3392 1426 3479 impotentibus
1463 3396 1813 3463 mulierum
1852 3391 2051 3481 Juflis,
