2134 3859
524 177 1300 322 ΡΥκΑἙΡΑΤιο
1613 267 1706 324 ιι

100 435 390 516 tentiae
436 435 798 536 adjectum
830 497 852 531 ,
942 443 991 481 “
1024 437 1226 538 quod
1277 436 1578 516 Tacitus
1633 435 1714 516 &

102 574 395 652 Plinius
435 575 773 678 injunsta-
804 577 1288 654 advocatione
1327 577 1737 680 diligenter-

102 712 543 814 fortiterque
574 714 805 792 funsti
838 715 1100 809 effent,
1151 717 1480 792 arbitrari
1512 713 1714 794 sena-

108 864 277 932 tum
303 853 409 930 ita
441 877 571 932 eos
602 853 878 948 feciss'e,
937 868 1023 934 ut
1058 856 1370 952 dignum
1405 856 1712 936 manda·-
1817 861 1851 972 ¹.

78 993 213 1092 ‚tis
246 992 573 1095 partibus
606 983 886 1071 fuerit’'
920 991 1037 1097 u).
1114 993 1336 1070 Pares
1371 993 1715 1071 laudibus

108 1131 295 1210 fecit
329 1131 617 1211 senatus
634 1191 656 1226 ‚
712 1156 899 1234 quos
926 1136 1194 1212 eadem
1224 1133 1452 1210 ferme
1479 1148 1712 1226 aetaS,

112 1292 247 1374 par
292 1251 613 1367 digniffas
632 1325 655 1362 ‚
720 1271 1122 1352 studiorum
1171 1269 1246 1352 &
1295 1271 1718 1350 animorum

112 1407 515 1488 similitudo
556 1423 729 1487 ante
760 1411 1276 1511 conjunxerat,
1329 1411 1408 1488 in
1445 1433 1722 1510 magna.

110 1543 441 1628 nominis
476 1547 893 1630 celebritate
940 1551 1368 1634 concordes.

255 1689 523 1770 Nullus
559 1689 760 1766 enim
798 1689 1051 1770 Tacito
1088 1711 1356 1790 pravae
1391 1690 1722 1766 aemula-s

116 1829 341 1917 tionis
377 1827 639 1910 sensus,
750 1829 986 1911 Immo
1018 1842 1266 1906 certus
1303 1827 1569 1906 decora
1607 1828 1718 1904 in-

116 1967 337 2068 genia
369 1966 745 2044 literarum
785 1957 1308 2044 communione
1341 1990 1724 2045 commen·

122 2107 336 2199 dari,
396 2103 793 2200 studiosos,
852 2106 981 2208 qui
1016 2105 1378 2205 adipsum
1427 2130 1523 2188 ex
1556 2106 1719 2204 ejus

23 2271 29 2283 ·
120 2244 397 2344 ingenii
458 2245 944 2334 admiratione
998 2244 1534 2324 conveniebant
1581 2243 1674 2348 x-)
1694 2301 1718 2338 ,

123 2383 435 2466 consiliis
472 2382 546 2462 &
583 2383 986 2485 praeceptis
1024 2383 1424 2462 erudiebat.
1540 2383 1716 2484 Ipse,
1834 2449 1851 2460 .
1888 2407 1892 2415 ·

120 2523 521 2604 studiorum
576 2523 907 2601 hortator
938 2581 961 2616 ,
1018 2511 1367 2600 Plinium‘
1393 2522 1730 2614 monuit,-

122 2675 205 2740 ut
245 2661 641 2740 Historiam
683 2661 1019 2739 scriberet
1065 2659 1175 2764 y).
1225 2735 1232 2744 ,
1289 2660 1504 2750 Quod
1545 2681 1722 2738 cum

120 2801 237 2878 ille
296 2801 697 2880 declinaret
733 2859 753 2894 ,
812 2797 1240 2878 difficultate
1293 2800 1726 2894 deterritus,
1776 2853 1793 2884 -,

190 2995 241 3064 u)
285 2997 423 3049 Plin.
454 2994 607 3065 Epist.
636 2997 719 3057 11,
762 3008 844 3050 11.

193 3139 240 3210 x)
282 3143 421 3194 Plin.
448 3141 603 3210 Epist.
628 3145 717 3203 IV,
758 3151 840 3210 13.

188 3285 237 3359 y)
278 3287 525 3341 sidonius
554 3277 875 3359 Apollinaris
911 3285 1065 3356 Epist.
1090 3291 1192 3349 lv,
1228 3297 1315 3340 22-
1389 3283 1528 3342 min.
1561 3281 1718 3353 Epist·

256 3387 319 3446 V,
358 3385 411 3442 8·
