2134 3859
177 180 439 310 ANJV.
460 227 1034 302 c.1>chxxV1.
1079 231 1466 323 AER.c.23.
1514 250 1649 324 287

16 403 291 486 Aliquot
315 407 769 486 provinciarum
796 408 1120 484 legationes
1137 409 1208 478 ό·
1227 415 1646 492 accusationes.

466 520 791 594 Histriones
826 521 1018 580 Italia
1042 521 1214 599 pulsi.

162 623 372 696 XIII.
418 627 511 693 At
526 626 846 706 Tiberius,
890 631 1053 707 nihil
1068 632 1414 722 intermista
1431 655 1650 700 rerum

16 759 237 822 cura,
286 743 541 826 negotia
581 762 699 826 pro
742 743 980 808 solatiis
1012 747 1366 829 accipiens,
1409 749 1515 832 jus
1558 749 1654 813 ci-

16 857 269 936 vium,
314 872 533 941 preces
567 855 881 921 sociorum
906 855 1246 924 trastahat.
1309 861 1654 946 Factaque,

22 970 313 1036 auctore
343 989 445 1047 eo,
473 966 1025 1049 senatusconsulta,
1050 977 1172 1037 “ut
1189 975 1434 1040 civitati
1451 977 1654 1062 Ciby-

22 1084 293 1152 raticae
316 1087 487 1166 apud
516 1077 753 1163 Afiam,
784 1080 1085 1167 Aegiensi
1115 1091 1285 1172 apud
1311 1089 1660 1170 Achaiam,

24 1207 243 1264 motu·
280 1207 489 1262 terrae
524 1195 855 1262 labefactis
876 1244 898 1274 ,
958 1198 1408 1267 subveniretur
1435 1203 1658 1269 remis-

28 1307 225 1378 fione
263 1308 485 1376 tributi
510 1313 573 1375 in
602 1312 949 1376 triennium
968 1315 1027 1376 ”.
1115 1313 1204 1377 Et
1221 1311 1453 1389 Vibius
1471 1314 1659 1384 Sere-

30 1443 220 1503 mm,
286 1421 622 1510 proconsul
662 1423 985 1490 ulterioris
1034 1425 1418 1511 Hispaniae,
1479 1432 1562 1496 de
1597 1431 1666 1497 vi

36 1539 317 1626 publica
358 1541 696 1602 damnatus
722 1579 743 1614 ,
792 1537 889 1604 ‘ob
933 1541 1338 1606 atrocitatem
1357 1549 1666 1650 (morum)
1694 1535 2088 1640 hanff-oum

36 1653 119 1721 in
168 1649 437 1718 insulam
471 1649 831 1735 Amorgum
863 1654 1257 1737 deportatur.
1349 1654 1665 1722 Carsidius

44 1763 374 1834 Sacerdos
396 1807 415 1842 ,
463 1785 654 1842 rem,
700 1775 1033 1847 tamquam
1063 1769 1386 1832 frumento
1418 1768 1665 1836 hostem

44 1877 540 1948 Tacfarinatem
572 1877 859 1961 juvifl'et,
908 1877 1292 1958 absolvitur-3
1351 1882 1668 1964 ejusdem-

48 2015 191 2082 que
210 1989 497 2059 criminis
518 1993 589 2058 C.
613 1989 967 2057 Gracchus.
1014 1994 1209 2058 Hunc
1227 1997 1526 2060 comitem
1553 2020 1669 2060 ex·-

44 2106 217 2186 filii,
271 2105 617 2172 admodum
644 2107 995 2182 infantem,
1040 2116 1223 2189 pater
1254 2106 1668 2191 Sempronius

46 2221 125 2288 in
162 2221 431 2285 insulam
480 2217 815 2284 Cercinam
856 2217 1114 2282 tulerat.
1217 2221 1360 2286 Illic
1403 2215 1670 2299 adultus

46 2337 238 2402 inter
272 2319 559 2400 extorres
580 2379 598 2408 ‚
646 2330 713 2398 &
744 2329 1108 2398 liberalium
1135 2335 1376 2410 artium
1403 2336 1673 2412 nescios,
1745 2361 1754 2374 ·

52 2471 223 2516 mox
268 2467 381 2536 per
420 2446 707 2526 Africam
754 2465 829 2508 ac
868 2441 1152 2510 Siciliam
1197 2451 1510 2512 mutando
1543 2450 1694 2528 sor-³

52 2564 255 2628 didas
297 2579 542 2624 merces
570 2557 1063 2624 sustentabatur:
1110 2579 1229 2624 nec
1267 2569 1482 2624 tamen
1509 2559 1675 2626 effu-

60 2679 173 2758 git
206 2691 475 2756 magnae
504 2674 801 2738 fortunae
826 2673 1138 2755 pericula.
1227 2673 1326 2734 Ac
1355 2674 1422 2736 ni
1450 2673 1678 2739 Aelius

56 2788 333 2863 Lamia,
396 2783 465 2850 δε
495 2785 567 2850 L.
601 2786 929 2868 Apronius
960 2829 979 2862 ,
1047 2786 1162 2868 qui
1191 2784 1478 2850 Africam
1511 2788 1680 2853 obti-

61 2907 379 2976 nuerant,
432 2897 755 2966 insontem
794 2899 1238 3020 protexifl'ent‚
1301 2900 1684 2966 claritudine

60 3013 331 3080 infausti
371 3011 621 3095 generis
640 3054 661 3089 ,
726 3011 796 3078 δε
846 3011 1154 3096 paternis
1185 3010 1459 3080 adversis
1516 3013 1687 3077 foret

68 3124 451 3194 abstractus.
528 3183 533 3190 .

211 3237 403 3306 XIV.
450 3241 518 3304 Is
561 3257 817 3322 quoque
850 3255 1055 3306 annus
1097 3239 1448 3321 legationes
1479 3235 1692 3306 Grae·

70 3345 310 3426 carum’
337 3352 679 3418 civitatum
706 3350 964 3432 habuit,
1008 3349 1242 3418 Samiis
1283 3357 1330 3392 ‘⁴
1345 3353 1382 3428 J
1388 3340 1618 3418 anonis
1628 3353 1694 3436 ”,

1181 3531 1196 3562 ἱ
