2134 3859
393 21 432 46 Κ

167 206 335 272 ΑΝ.
349 205 438 274 V.
455 203 530 286 C.
550 202 1069 273 DCCLXXXII.
1109 205 1275 270 AER.
1295 205 1367 276 C.
1384 227 1492 291 29.
1550 225 1680 292 347

228 567 383 631 Ax.
403 589 478 634 v.
500 587 562 630 c.
585 585 969 632 nccxxxn.
1014 568 1200 634 Am.
1222 589 1391 633 cun.
1412 588 1521 650 29.

495 680 683 763 Julia
717 686 976 761 Augusta
1009 689 1289 746 moritur.
1332 723 1336 729 -

59 777 255 910 Rv
275 866 322 908 B
342 867 387 908 Ε
407 865 450 906 L
468 865 512 908 ι
529 863 558 906 1
577 865 622 908 o
654 842 722 908 ὅ(
753 843 935 908 Fufio
953 845 1324 911 consulibus
1338 893 1359 924 ,
1405 865 1685 929 quorum

59 960 368 1040 utriquex
389 955 696 1022 Geminus
737 934 1239 1040 cognomenffum
1282 967 1457 1035 erat,
1514 961 1551 1036 J
1556 962 1685 1025 ulia

61 1072 373 1153 Augusta
404 1081 676 1136 mortem
709 1073 903 1147 obiit,
951 1081 1163 1136 aetate
1200 1083 1524 1151 extrema,
1570 1095 1688 1138 no·.

62 1187 352 1250 bilitatis
382 1205 494 1270 per
525 1185 852 1252 Claudiam
869 1185 1205 1259 familiam,
1252 1185 1322 1249 δε
1348 1189 1689 1270 adoptione

65 1300 422 1396 Liviorum
450 1301 484 1374 J
491 1300 894 1379 uliorumque
919 1295 1311 1364 clariffimae.
1400 1301 1687 1365 Primum

67 1414 132 1477 ei
171 1413 668 1476 matrimonium
707 1409 774 1474 &
807 1411 992 1476 liberi
1037 1415 1218 1475 fuere
1250 1433 1399 1476 cum
1424 1413 1691 1480 Tiberio

71 1515 355 1592 Nerone
377 1573 394 1602 ,
458 1522 569 1609 qui
599 1525 766 1589 bello
802 1523 1098 1588 Perusino
1126 1528 1472 1607 profuguS,
1538 1546 1695 1611 pace

47 1642 255 1726 ‘inter
287 1637 434 1704 Sex.
465 1625 841 1722 Pompeium
877 1657 950 1701 ac
973 1639 1341 1703 triumviros
1362 1637 1577 1722 pa&a,
1626 1641 1693 1704 in

73 1754 336 1819 Urbem
383 1752 594 1814 rediit.
682 1732 852 1814 Exin
901 1750 1161 1828 Caesar,
1226 1754 1523 1836 cupidine
1562 1755 1695 1824 for-

77 1887 271 1943 mae,
338 1867 552 1928 aufert
591 1866 855 1938 marito,
910 1866 1229 1930 incertum
1269 1887 1353 1930 an
1400 1867 1695 1946 invitam,

81 1983 254 2044 adeo
298 1997 639 2062 propium,
685 1988 757 2040 ut
797 2000 880 2042 ne
908 1979 1107 2060 spatio
1147 1982 1405 2062 quidem
1438 1982 1519 2044 ad
1556 1983 1695 2045 eni-

83 2095 368 2156 tendum
399 2092 583 2186 dato,
627 2077 964 2174 penatibus
995 2093 1119 2154 suis
1148 2095 1475 2174 gravidam
1512 2095 1697 2158 indu-

85 2207 286 2270 xerit.
389 2203 652 2268 Nullam
687 2202 946 2286 posthac
987 2189 1267 2268 subolem
1311 2208 1549 2271 edidit:
1574 2208 1701 2286 ,sed

91 2319 394 2402 sanguini
423 2316 729 2400 Augusti,
771 2337 888 2404 per
917 2317 1432 2402 conjunfflonem
1466 2320 1702 2403 Agrip-

89 2434 289 2514 pinae
324 2430 390 2496 δι
413 2429 800 2508 Germanici,
831 2434 1105 2507 adnexa,
1152 2451 1525 2496 communes
1554 2452 1704 2517 pro-

92 2553 368 2629 nepotes
399 2545 655 2609 habuitt
701 2543 1030 2609 sanetitate
1067 2548 1293 2609 domus
1321 2544 1596 2628 priscum
1624 2547 1707 2609 ad
1766 2527 1793 2546 x

95 2678 383 2734 morem,
431 2658 633 2720 comis
673 2659 843 2721 ultra
887 2679 1083 2742 quam
1128 2659 1407 2741 antiquis
1449 2658 1707 2723 feminis

97 2773 472 2854 probatum,
520 2778 725 2841 mater
747 2771 1104 2854 impotem,
1154 2791 1319 2836 uxor
1340 2772 1587 2860 faciliS,
1636 2769 1706 2836 δε

101 2903 252 2948 cum
311 2885 558 2947 artibus
632 2885 848 2948 mariti
905 2879 1312 2955 simulatione
1367 2875 1483 2948 filii
1545 2887 1709 2948 bene

109 2994 476 3080 composita.
540 2996 754 3062 Funus
785 2997 926 3080 ejus
953 3000 1324 3074 modicum,
1371 2996 1712 3061 testamen·-

107 3117 248 3174 tum
279 3111 391 3174 diu
423 3087 692 3174 inriturn
721 3112 886 3176 fuit:
933 3112 1200 3176 laudata
1232 3110 1319 3174 est
1348 3129 1461 3193 pro
1497 3106 1713 3172 rostris

88 3241 150 3284 ·a
185 3221 256 3288 C.
294 3221 556 3288 Caesare
581 3233 970 3308 pronepote,
1017 3225 1129 3310 qui
1165 3245 1317 3288 mox
1351 3241 1567 3286 rerum
1599 3241 1717 3305 po-

22 3351 26 3358 ·
107 3335 265 3402 titus
293 3335 405 3401 est.
