2134 3859
63 242 260 310 AN.
275 241 365 312 V.
383 243 452 310 C.
470 237 959 318 DCCLXVIII.
991 242 1159 312 AER.
1176 245 1378 312 CHR.
1398 267 1505 332 15.
1554 272 1683 339 125

17 439 130 484 ex
185 419 484 484 moribus
521 417 834 502 Principis
867 415 1219 487 foediffima
1243 442 1533 508 quaeque
1564 431 1677 495 de·

15 531 292 614 [igeret
331 531 656 598 aecusator
671 577 704 638 ’x
773 530 1249 618 objeEtaretque
1298 557 1451 603 reo:
1522 561 1675 608 nam

16 648 208 728 quia
261 667 423 713 vera
463 655 646 710 erant
673 692 695 724 ‚
771 648 967 710 etiam
1012 645 1183 712 dista
1230 653 1672 722 credebantur.

16 759 338 824 Addidit
385 757 622 844 Hispo,
699 765 741 796 ‘⁶
773 760 1044 826 statuam
1100 761 1389 830 Marcelli
1440 769 1673 846 altimo,

14 892 256 956 quam
281 874 620 942 Caesarum
648 871 865 940 fitam:
913 873 984 940 ὅτ
1008 871 1137 940 alia
1164 876 1231 940 in
1264 877 1486 958 statua,
1534 903 1675 948 am-

17 997 288 1071 putato
313 987 525 1072 capite
547 987 850 1072 Augusti,
916 987 1197 1072 effigiem
1236 989 1483 1066 Tiberii
1505 995 1675 1062 indi-

23 1105 246 1196 tam'f
268 1125 290 1168 ε
351 1103 434 1167 ad
464 1104 636 1186 quod
677 1098 904 1166 exin-fit
933 1105 1129 1181 adeo,
1191 1115 1267 1168 ut
1294 1117 1481 1190 rupta
1508 1109 1672 1176 taci-

23 1217 378 1281 turnitate
403 1217 849 1301 proclamaret,
893 1213 1012 1282 “se
1043 1235 1298 1301 quoque
1328 1219 1393 1284 in
1414 1239 1491 1288 ea
1516 1241 1671 1288 cau-

23 1327 102 1394 sa
149 1332 458 1396 laturum
501 1329 876 1394 sententiam
921 1329 1137 1414 palam
1186 1330 1257 1396 ὅτ
1290 1333 1577 1416 juratum
1603 1340 1669 1415 ⁹⁹,

30 1435 178 1527 quo
227 1444 466 1510 ceteris
511 1445 737 1508 eadem
781 1425 1109 1510 neceffitas
1147 1443 1357 1512 fieret.
1448 1433 1672 1514 Mane-

33 1555 214 1624 bant
251 1557 452 1622 etiam
498 1565 640 1622 tum
678 1553 940 1641 vestigia
965 1558 1302 1624 morientis
1328 1551 1668 1626 liber-tatii.
1686 1623 1701 1648 ,

33 1668 274 1754 Igitur
289 1645 419 1737 'em
438 1669 597 1749 Piso,
646 1671 856 1749 “Quo
873 1675 934 1749 ⁹⁹,
977 1667 1223 1755 inquit,
1272 1678 1316 1710 ‘⁸
1337 1673 1483 1738 loco
1517 1695 1669 1740 cen-

33 1782 257 1862 sebio,
307 1779 582 1850 Caesar?
653 1783 702 1848 fi
737 1785 980 1870 primus
997 1829 1018 1863 ,
1064 1783 1312 1850 habebo
1354 1791 1525 1871 quod
1577 1787 1672 1854 se·-

41 1917 262 1984 quarz
309 1894 358 1962 fi
392 1889 592 1982 “post
621 1915 844 1966 omnes
863 1941 884 1978 ,
932 1913 1161 1967 vereor
1190 1919 1273 1966 ne
1300 1897 1669 1982 imprudens

38 2007 492 2078 diffentiam”.
573 2011 907 2080 Pei-motus
951 2011 1054 2080 his
1080 2055 1101 2090 ,
1164 2023 1531 2098 quantoque
1544 2012 1667 2103 gin-

43 2129 318 2193 cautius
349 2122 761 2205 efferbuerat,
801 2124 1195 2211 paenitentia
1220 2125 1494 2212 patiens,
1518 2129 1673 2194 tulit
1714 2118 1721 2124 ’

43 2241 306 2306 absolvi
331 2259 514 2306 reum
540 2241 910 2310 criminibus
937 2237 1316 2324 majestatis:
1367 2243 1447 2306 de
1472 2259 1667 2326 pecu-

45 2356 186 2422 niis
217 2353 588 2444 refletundis
631 2355 714 2420 ad
741 2350 1203 2437 reciperatores
1229 2351 1395 2420 itum
1420 2353 1532 2445 εἰ).

140 2465 432 2534 LXXV.
491 2466 630 2534 Nec
674 2477 930 2552 patrum
973 2463 1445 2550 cognitionibus
1483 2465 1669 2533 satia-

45 2591 188 2660 ωε,
233 2579 488 2666 judiciis
514 2575 834 2648 adfidebat
862 2577 930 2645 in
963 2596 1165 2644 cornu
1190 2579 1549 2657 tribunalia,
1582 2595 1670 2646 ne

48 2705 424 2782 praetorem
479 2691 688 2761 curuli
739 2691 1139 2780 depelleret:
1214 2689 1543 2774 multaque
1590 2711 1671 2760 eo
1728 2711 1733 2715 ·

50 2830 282 2875 coram
298 2851 318 2887 ,
367 2809 662 2876 adversus
691 2806 1005 2874 ambitum
1029 2803 1101 2872 δι
1129 2803 1489 2892 potentium
1519 2825 1669 2892 pre-

59 2945 172 2989 ces
189 2971 212 3003 ,
259 2902 631 2993 constituta:
691 2921 797 2988 sed
831 2923 986 2986 dum
1017 2916 1274 2988 veritati
1302 2907 1671 3000 conflantur,

51 3021 326 3104 libertas
401 3039 945 3122 corrumpebatur.
1045 3033 1227 3102 Inter
1284 3051 1447 3118 quae
1514 3033 1669 3098 Pius

59 3149 372 3216 Aurelius
387 3193 410 3228 ‚
467 3151 748 3228 senator,
813 3148 1068 3236 questus
1108 3155 1152 3188 “
1170 3145 1341 3212 mole
1376 3142 1669 3230 publicae

53 3243 240 3342 viae}¹
305 3261 628 3349 du&uque
673 3281 983 3347 aquarum
1002 3309 1024 3341 ‚
1084 3257 1429 3330 labefafitas
1477 3258 1669 3320 aedes

61 3375 280 3459 suas”,
327 3379 638 3444 auxilium
657 3388 910 3462 patrum
941 3375 1301 3443 invocabat.
1360 3367 1670 3436 Refisten-

498 3471 514 3512 ι
