2134 3859
386 257 481 312 10
788 169 1664 304 PRAEFATIO-

382 425 559 502 tatis
608 423 1180 502 fundamentum
1233 419 1442 526 fimul
1493 417 1569 496 δε
1617 427 1997 494 tutamen-

381 577 545 639 tum
584 561 969 638 meditari!

412 783 421 792 J
496 702 634 778 His
672 701 1073 776 acerrimae
1107 699 1378 776 mentis
1413 699 1752 798 operibus
1778 696 1994 772 haud

378 841 736 941 impedita
768 840 907 914 fori
942 839 1197 918 studia.
1260 837 1600 936 Cumque
1637 835 1807 914 Afri
1829 839 1999 912 Ma-

380 980 573 1058 rium
644 977 1009 1072 Priscum,
1085 975 1384 1056 Africae
1462 974 1994 1078 proconsulem,

235 1187 247 1203 ,
377 1117 713 1220 pecuniis
761 1118 853 1193 ob
889 1116 1320 1196 innocentes
1358 1115 1992 1206 condemnandoS,

376 1255 926 1361 interficiendos
960 1257 1210 1348 etiam,
1250 1255 1570 1355 acceptis
1599 1253 1988 1344 infamem,

379 1366 819 1473 accusaffent
851 1452 872 1486 ,
932 1391 1226 1470 senatus
1251 1453 1271 1486 ,
1332 1394 1660 1472 criminis
1715 1391 1988 1468 atroci-

374 1545 531 1612 tate
558 1535 812 1608 motus
832 1591 852 1624 ,
888 1532 1225 1612 Tacitum
1246 1533 1712 1638 Pliniumque
1738 1533 1832 1606 iis
1853 1530 1992 1607 ad..·

374 1671 515 1748 esse
542 1671 767 1770 jufflt:
826 1669 925 1761 δε,
975 1649 1061 1748 ιιῖ
1095 1673 1258 1771 plus
1293 1672 1735 1749 celebritatis
1771 1671 1990 1762 foret,-

372 1809 857 1921 Princepsque
899 1809 1314 1904 interesset„
1359 1812 1584 1889 dilata
1625 1805 1984 1906 cognitio.
2060 1865 2066 1872 .

373 1947 564 2028 Asta
598 1949 904 2024 tandem
940 1948 1155 2025 causa
1185 1925 1752 2049 frequentiffimo
1781 1947 1990 2023 sena-

373 2097 462 2164 tu
493 2147 512 2180 ‚
568 2109 743 2162 cum
790 2087 1146 2186 Trajanus
1178 2146 1198 2181 ,
1253 2089 1331 2165 in
1391 2090 1662 2170 Urbem
1714 2087 1984 2178 redux,

374 2223 452 2304 δι
489 2225 735 2302 consul
775 2226 1074 2310 tertium
1096 2286 1116 2321 ‚
1171 2251 1366 2304 anno
1384 2229 1601 2308 Urbis
1636 2227 1986 2303 conditae

373 2387 745 2456 ncccuu,
805 2365 1262 2465 praesideret.
1336 2367 1692 2443 Triduum
1719 2350 1796 2442 in
1831 2365 1982 2440 hac

372 2502 841 2602 congnitione
887 2503 1362 2604 insumptum.
1465 2505 1979 2582 Plinius-Mar..

371 2640 699 2731 tianum,
755 2642 879 2749 qui
926 2643 1158 2719 Mario
1210 2643 1703 2749 immanitatis
1735 2642 1978 2718 socius
2049 2678 2058 2690 ·

362 2765 651 2870 fuerat,
706 2782 1075 2880 corripuit.
1170 2785 1523 2862 Frontoni
1555 2781 1809 2873 Catio,
1847 2779 1982 2878 qui

350 2899 503 3018 ‘pro
551 2916 789 2994 Mario
837 2917 1218 3015 infigniter·
1241 2921 1476 3014 dixit,
1528 2919 1827 3033 Tacitus
1862 2941 1979 2992 re-

368 3053 655 3168 spondit
672 3058 1268 3157 eloquentiffime‚
1293 3059 1366 3138 &
1387 3062 1586 3160 quod
1611 3057 1978 3134 eximium

372 3193 688 3270 orationi
724 3196 883 3295 ejus
910 3198 1187 3294 inerat,
1231 3201 1566 3298 graviter.
1622 3197 1976 3276 Damnati
2017 3241 2022 3244 -

370 3329 578 3410 fuere
598 3335 875 3414 Marius
914 3335 988 3415 δι
1008 3339 1441 3437 Martianus,
1532 3340 1616 3418 In
1643 3339 1786 3448 fine
1818 3335 1974 3413 sen-
