2134 3859
331 130 346 208 Ι

452 265 499 318 2
871 186 1661 319 PRAEFATIO
1786 178 1794 185 ⁸

441 430 1153 531 quinquagesimum.
1213 432 1613 510 Pueritiam
1647 432 1819 531 egit,
1838 434 2062 529 ium,

440 570 569 647 sub
604 571 896 649 Nerone
931 570 1367 670 cupidinum
1394 573 1835 665 immodico,
1894 598 2063 649 non
2120 642 2122 647 .

443 710 668 786 modo
691 712 922 802 Urbs,
974 707 1096 786 sed
1130 732 1503 810 quaeque,
1562 726 1649 787 ut
1673 712 1852 791 Urbi
1878 734 2059 813 pro-

440 848 684 967 ζίφει,
740 850 836 925 ad
886 870 1109 925 omne
1162 847 1553 925 libidinum
1604 872 1840 947 genus
1876 872 2056 964 pro,-

398 987 790 1069 'fluebant
893 984 1002 1065 At
1048 1008 1180 1089 per
1228 1000 1596 1091 aetatem,
1655 988 2057 1066 institutio-

433 1150 799 1226 nemque,
836 1124 1162 1225 &prima
1182 1125 1556 1203 literarum
1591 1126 2048 1221 rudimenta,
2120 1192 2123 1199 .

343 1268 348 1274 ’
433 1264 529 1342 iis
577 1264 780 1372 vitiis
822 1260 1459 1369 intafitusxcrevit:
1527 1266 1687 1365 pari
1733 1266 2049 1363 integri..

432 1417 630 1497 tate,
682 1403 972 1480 turbida
1010 1403 1330 1500 Galbae,
1390 1404 1747 1498 OthoniS‚
1798 1403 1874 1483 &
1904 1406 2043 1484 Vi-

430 1544 613 1621 tellii
645 1556 977 1643 tempora
1017 1541 1303 1643 elapsus
1346 1542 1468 1625 est.
1529 1542 2036 1643 VespafianuS,

426 1704 671 1757 rerum
709 1682 988 1781 potitus
1008 1740 1042 1773 „
1063 1703 1321 1781 pacem
1340 1679 1718 1784 moresque
1741 1684 1996 1760 intulit
2014 1712 2038 1786 ;

426 1818 504 1899 δι
551 1820 743 1897 inter
790 1830 1034 1897 cetera
1082 1817 1370 1921 imperii
1421 1820 1677 1895 munia
1706 1878 1731 1915 ,
1780 1822 2037 1897 literas

425 1958 754 2056 artesque
804 1957 1233 2058 amplexuS,
1285 1980 1413 2067 eas
1450 1959 1912 2058 providentia
1952 1958 2032 2037 &

419 2098 854 2175 liberalitate
890 2096 1180 2179 refovit.
1286 2098 1373 2173 In
1407 2087 1552 2175 hac
1586 2096 2031 2176 renascentis

419 2235 638 2317 Urbis
672 2236 1174 2339 tranquilitate
1193 2290 1217 2327 ,
1253 2235 1555 2314 Tacitus
1579 2256 1879 2337 operam
1898 2238 2031 2313 de-

417 2376 532 2453 dit
578 2374 1083 2475 eloquentiae,
1139 2377 1357 2475 cujus
1398 2388 1483 2453 ut
1512 2376 1707 2451 inter
1738 2388 2025 2477 tempo-

414 2537 583 2593 rum
602 2515 826 2593 tristia
842 2515 938 2591 ad
959 2512 1391 2617 praefidium
1410 2572 1433 2609 ,
1490 2513 1583 2591 fic
1602 2515 1793 2589 inter
1826 2513 2022 2591 laeta

303 2696 308 2703 ·
415 2654 513 2730 ad
561 2656 790 2733 decus
835 2653 950 2730 vis
988 2652 1327 2755 plurima.
1429 2655 1727 2732 Gnarus
1764 2665 2017 2729 autem

411 2805 779 2868 oratorem
811 2783 1077 2871 melius
1109 2792 1510 2892 exempliS,
1560 2815 1785 2892 quam
1813 2813 2018 2892 prae·
2100 2814 2115 2899 3

413 2930 646 3033 ceptis
677 2989 700 3026 ,
757 2930 1033 3009 institui
1068 2988 1089 3023 ,
1141 2932 1243 3011 M.
1282 2928 1574 3031 Aprum
1626 2930 1703 3009 &
1734 2930 2011 3032 Julium

292 3088 314 3105 ·
411 3070 840 3151 seeundum
865 3127 887 3162 ,
946 3065 1416 3147 celeberrima
1448 3082 1609 3146 tum
1636 3068 1775 3145 fori
1808 3067 2009 3165 inge.
2110 3125 2112 3140 .

405 3212 558 3306 nia,
595 3210 801 3287 domi
831 3208 906 3287 &
939 3209 1016 3317 iu
1045 3208 1337 3329 publico
1357 3206 1759 3287 adsetiatus
1779 3207 1879 3287 est
1897 3208 2009 3313 d).

475 3380 537 3451 d)
574 3387 743 3440 Tacit.
771 3386 982 3452 Dialog.
1011 3384 1075 3437 de
1104 3390 1252 3439 Orat.
1288 3400 1400 3451 cap.
1426 3394 1481 3439 2.

2108 1706 2122 1777 Ᾰ

2114 2044 2121 2202 l

2112 2246 2119 2347 l

2104 2582 2117 2692 ἶ

2094 3283 2113 3465 2

2107 3521 2110 3670 1

2106 3768 2108 3832 l
