2134 3859
172 220 1029 300 AN.V.'C.DCCLXV11.
1077 227 1459 302 Euam.
1482 256 1587 322 14.
1637 251 1726 322 ⁷1

70 403 414 470 Scaurum
434 397 491 483 ,’
522 409 629 472 cui
662 409 1130 491 implacabilius
1177 408 1560 475 irascebatur
1577 457 1596 486 ‚
1641 409 1720 474 si·-

68 519 279 583 lentio
340 521 669 592 tramifit:
714 521 1024 606 fessusque
1075 524 1356 589 clamore
1405 526 1716 602 omnium,

66 632 614 718 expostulatione
654 634 1043 720 singulorum
1068 681 1090 713 ,
1137 635 1322 702 flexit
1361 639 1714 723 paullatim,

69 767 203 810 non
236 757 325 812 ut
368 735 717 828 fateretur,
753 751 975 836 suscipi
1006 773 1043 816 a
1077 751 1134 818 se
1167 753 1543 836 imperium,
1609 752 1715 816 sed

68 866 141 924 ut
174 883 447 945 negare
484 865 555 930 ὅτ
588 867 809 950 'rogari
846 865 1179 932 deflueret.
1273 867 1533 934 Constat
1577 866 1720 930 Ha-

67 978 359 1055 terium,
414 1000 569 1043 cum
618 983 999 1066 deprecandi
1036 984 1224 1046 causa
1265 982 1579 1068 palatium
1615 983 1716 1045 in-

70 1089 331 1155 troiffet
348 1139 372 1170 ,
432 1096 937 1180 ambulantisque
972 1097 1220 1162 Tiberii
1249 1115 1458 1180 genua
1494 1097 1715 1160 advol-

74 1217 353 1285 veretur
370 1244 415 1283 ,·
444 1229 641 1292 prope
670 1229 709 1272 a
738 1210 1051 1276 militibus
1073 1207 1516 1288 interfthum,
1561 1210 1718 1292 quia

76 1320 409 1386 Tiberius
448 1324 631 1400 casu,
694 1343 779 1388 an
820 1327 1118 1389 manibus
1165 1325 1302 1408 ejus
1342 1325 1714 1408 impe-ditus,

17 1487 21 1510 ·.
75 1437 500 1516 prociderat:
570 1459 780 1522 neque
828 1449 1049 1502 tamen
1083 1441 1369 1523 periculo
1405 1441 1556 1502 talis
1594 1438 1716 1501 viri

78 1550 433 1632 mitigatus
456 1549 579 1628 est,
628 1555 831 1616 donec
863 1555 1170 1646 Haterius
1197 1552 1552 1636 Augustam
1569 1571 1714 1615 ora·

78 1671 198 1738 ret,
212 1663 501 1748 ejusque
514 1664 917 1736 curatissimis
932 1669 1146 1750 precib
1155 1689 1226 1731 us
1243 1675 1710 1749 protegeretur.

214 1773 423 1841 XIV.
473 1779 677 1842 Multa
704 1791 959 1863 patrum
988 1781 1146 1845 &in
1175 1781 1530 1864 Augustam
1552 1781 1713 1844 adu·

80 1890 265 1953 latin.
368 1891 505 1954 Alii
532 1913 839 1970 parentem
858 1933 877 1966 ‚
918 1896 1025 1958 alii
1050 1915 1304 1957 matrem
1329 1899 1580 1974 patriae
1600 1911 1712 1976 ap-

84 2005 499 2087 pellandam3
546 2007 857 2091 plerique,
894 2019 967 2071 ut
1002 2009 1246 2071 nomini
1279 2007 1564 2074 Caesaris
1597 2007 1710 2070 ad-

90 2117 529 2197 scriberetur„
604 2123 821 2204 Juliae
840 2122 1007 2196 filius
1036 2137 1055 2198 3
1122 2122 1480 2186 censebant.
1589 2121 1714 2185 Ille

89 2236 133 2267 “
153 2236 589 2298 moderandos
619 2235 1005 2299 feminarum
1032 2237 1312 2298 honores
1329 2239 1364 2261 '’
1386 2233 1712 2312 dictitanS,

94 2350 499 2430 “eademque
522 2349 580 2412 se
600 2350 1021 2430 temperantia
1040 2349 1304 2412 usurum
1322 2349 1390 2412 in
1407 2349 1530 2425 his,
1546 2367 1714 2430 quae

94 2455 205 2522 fibi
248 2439 685 2526 tribuerentur
703 2465 787 2539 ”3
834 2473 1122 2526 ceterum
1167 2463 1396 2526 anxius
1443 2462 1707 2536 invidia,

96 2571 163 2636 &
186 2575 503 2640 muliebre
523 2575 843 2658 fastigium
871 2576 935 2637 in
955 2575 1464 2640 deminutionem
1485 2574 1576 2637 sui
1602 2593 1710 2636 ac·-

96 2687 337 2770 cipiens
358 2735 377 2764 ‚
423 2707 505 2752 ne
531 2687 825 2752 lictorem
847 2689 1108 2771 quidem
1129 2688 1192 2751 ei
1213 2689 1468 2752 decerni
1502 2685 1709 2771 paffus

96 2799 221 2864 est:
274 2821 577 2884 aramque
608 2803 991 2886 adoptionis,
1040 2801 1112 2870 &
1135 2801 1262 2866 alia
1279 2801 1714 2886 hujuscemodi

100 2916 443 2996 prohibuit:
534 2916 626 2979 At
670 2916 1055 2982 Ger-manico
1093 2915 1340 2982 Caesari
1363 2915 1707 2998 proconsu-

98 3026 227 3092 lare
270 3032 613 3114 imperium
656 3031 886 3114 petivit
914 3077 931 3107 ‚
980 3027 1266 3113 mistique
1308 3031 1543 3112 legati,
1595 3029 1709 3110 qui

17 3189 19 3196 .
100 3141 441 3240 deferrent,
490 3141 676 3208 fimul
700 3143 1077 3208 maestitiam
1105 3144 1244 3227 ejus
1279 3145 1360 3206 ob
1387 3139 1706 3208 excessum

104 3253 362 3338 Augusti
394 3257 765 3322 solarentur.
814 3255 1180 3334 Quominus
1205 3257 1376 3320 idem
1397 3275 1512 3338 pro
1535 3253 1884 3378 Drurjf'&
2121 3277 2123 3320 ι

100 3364 167 3428 50
202 3370 626 3452 postularetur
652 3415 673 3447 ,
722 3389 799 3434 ea
850 3371 1076 3448 causa,
1136 3371 1310 3453 quod
1347 3357 1730 3450 des-ignatus·
2121 3345 2123 3418 Ῑ

1214 3481 1272 3544 Ε
1315 3500 1361 3563 4
1437 3555 1440 3560 .
