2134 3859
85 210 930 335 AN.V.'c.Dccl,xx11.
976 206 1363 332 AERAE'H'R.
1381 286 1486 351 19.
1539 231 1671 333 ἀὸι

35 444 194 508 ditis
229 443 484 519 armiS,
533 448 822 505 maneret
863 441 929 507 in
967 426 1257 521 castello,
1320 440 1674 515 dumCae·

35 558 134 621 sar
156 603 180 634 ,
263 558 385 620 cui
435 554 695 641 Syriam
742 556 1143 639 permitteret
1167 604 1188 635 ,
1248 558 1673 621 consulitur”.

44 670 202 736 Non
231 678 548 753 receptae
581 665 1014 735 conditiones:
1063 690 1185 735 nec
1218 648 1431 748 aliud,
1479 691 1675 754 quam

39 805 254 849 naves
295 783 372 849 &
393 792 608 847 tutum
636 785 703 847 in
719 783 961 849 Urbem
978 784 1136 861 iter,
1184 784 1543 850 concessum
1560 782 1672 849 est.

181 895 557 962 LXXXII.
603 896 696 959 At
719 896 1000 975 Romae,
1042 897 1377 983 postquam
1405 898 1677 963 Germa-

43 1012 179 1075 nici
201 1014 540 1077 waletudo
585 1012 983 1094 percrebuit,
1033 1011 1390 1097 cunctaque
1410 1060 1430 1089 ,
1476 1020 1551 1077 ut
1594 1034 1677 1078 ex
1728 1100 1733 1105 ⁴

43 1126 422 1209 longinquo
443 1171 464 1202 ,
512 1122 701 1188 aucta
743 1125 812 1187 in
853 1126 1137 1191 deterius
1185 1128 1633 1192 adferebantur
1653 1173 1677 1205 ,

51 1240 286 1317 dolor,
340 1239 459 1302 ira.
547 1238 636 1304 Et
671 1238 1091 1321 erumpebant
1118 1240 1407 1323 questus:
1459 1234 1677 1309 “Ideo

51 1352 380 1417 nimirum
409 1354 480 1415 in
505 1360 824 1416 extremas
859 1360 1063 1415 terras
1099 1354 1485 1436 relegatum:
1531 1355 1678 1419 ideo

57 1466 283 1532 Pisoni
331 1464 691 1548 permifl'am
723 1466 1162 1549 provinciam:
1210 1467 1333 1529 hoc
1365 1466 1553 1549 egisse
1585 1466 1681 1533 se·

57 1590 282 1644 cretos
344 1578 672 1661 Augustae
741 1598 890 1642 cum
951 1578 1257 1643 Plancina
1314 1579 1633 1645 sermones
1656 1601 1678 1645 ε

58 1714 222 1758 vera
271 1692 530 1777 prorsus
575 1694 656 1755 de
699 1692 902 1757 Druso
939 1692 1215 1757 seniores
1249 1694 1534 1757 locutos:
1581 1696 1679 1759 di-

59 1808 336 1890 splicere
370 1807 782 1888 regnantibus
823 1804 1040 1871 civilia
1069 1804 1353 1871 filiorum
1387 1808 1681 1891 ingenia:

63 1940 284 2005 neque
328 1921 410 1984 ob
457 1920 633 1983 aliud
670 1920 1095 2004 interceptos,
1138 1940 1332 2004 quam
1378 1924 1529 2005 quia
1564 1943 1681 2008 po—

63 2036 299 2117 pulum
323 2033 690 2097 Romanum
718 2052 922 2116 aequo
943 2034 1089 2117 jure
1115 2021 1455 2117 complecti
1471 2083 1489 2113 ,
1536 2040 1681 2105 red-

67 2148 208 2210 dita
233 2148 537 2213 libertate
555 2140 603 2223 ,⁸
625 2147 1082 2229 agitaverint'’.
1174 2149 1317 2211 Hos
1353 2145 1526 2232 vulgi
1554 2150 1683 2216 ser-

69 2280 305 2329 mones
349 2260 567 2324 audita
614 2280 786 2323 mors
831 2259 992 2354 adeo
1038 2245 1360 2337 incendit,
1416 2273 1492 2327 ut
1530 2273 1681 2331 ante

67 2374 380 2438 edictum·
405 2372 887 2456 magistratuum
915 2419 936 2450 ,
993 2380 1145 2437 ante
1193 2373 1681 2441 senatusconsul-

73 2495 219 2551 tum
261 2535 282 2565 ,
359 2486 606 2570 sumpto
657 2485 896 2568 iustitio
925 2532 945 2561 ,
1025 2486 1461 2552 desererentur
1507 2490 1683 2566 fora,

76 2603 532 2665 clauderentur
560 2602 824 2675 domus;
871 2594 1092 2681 paffim
1118 2595 1365 2660 filentia
1389 2562 1467 2662 &s
1482 2602 1685 2682 gerni..

75 2722 216 2791 tus,
283 2714 447 2778 nihil
483 2708 902 2797 compositum
939 2713 1007 2775 in
1049 2708 1568 2778 ostentationem:
1616 2714 1687 2783 ὅτ.

79 2846 468 2910 quamquam
500 2845 709 2910 neque
740 2824 1086 2908 insignibus
1109 2825 1467 2906 lugentium
1499 2828 1721 2907 absti-‚

81 2949 346 3016 nerent,
392 2940 584 3005 altius
617 2939 850 3003 animis
881 2940 1275 3003 moerebant.
1360 2938 1549 3015 Forte
1573 2964 1687 3008 ne-
1714 3006 1717 3011 .

65 3056 452 3135 'gotiatoreS,
497 3054 754 3118 vivente
788 3053 996 3118 adhuc
1025 3049 1409 3117 Germanico
1429 3100 1448 3131 ,
1495 3029 1687 3139 Syria

83 3164 298 3248 egreffi
319 3212 339 3242 ,
387 3166 654 3230 laetiora
685 3170 762 3231 de
802 3166 1171 3231 valetudine
1202 3166 1337 3247 ejus
1374 3168 1683 3255 attulere:

83 3276 286 3345 statim
317 3279 594 3359 eredita,
642 3279 853 3346 statim
885 3280 1146 3365 vulgata
1181 3278 1363 3343 sunt:
1414 3262 1487 3342 ut
1517 3278 1685 3364 quis·-

1180 3388 1244 3457 N
1290 3408 1331 3476 s
