2134 3859
211 248 379 327 AN,
394 244 483 317 V.
499 248 574 317 C.
571 241 1041 317 Dchxxv.
1074 246 1243 315 AER.
1263 249 1345 318 C.
1338 270 1464 319 22.
1563 254 1705 339 2⁶3

20 425 508 493 {sacerdotium
558 422 768 502 effet,
827 444 946 509 pro
995 444 1126 513 qua
1168 435 1323 493 vota
1378 426 1705 513 persolve-

33 544 358 607 rentur”

204 650 426 719 LXV..
481 653 758 737 Exsequi
801 652 1146 719 sententias
1186 654 1361 721 haud
1411 653 1653 719 institui
1668 656 1709 731 ,⁴

37 768 190 835 nifi
237 767 522 851 infignes
563 787 678 852 per
711 768 1079 846 honestum,
1122 778 1241 833 aut
1270 768 1539 832 notabili
1580 769 1694 833 de-

39 886 311 948 decore
335 903 356 946 :
400 884 572 965 quod
615 882 1029 967 praecipuum
1073 902 1309 947 munus
1362 882 1695 947 annalium

45 1018 225 1061 reor
259 1044 280 1075 ,
342 1017 425 1061 ne
491 996 761 1061 virtutes
819 994 1159 1074 sileantur,
1220 1003 1423 1081 utque
1476 996 1695 1079 pravis

47 1108 272 1175 distis
313 1108 618 1194 faffisque
651 1132 732 1175 ex
761 1110 1127 1195 posteritate
1160 1109 1527 1179 &infamia
1553 1130 1691 1185 tne-

59 1231 186 1289 tus
231 1222 333 1288 fit.
423 1223 724 1289 Ceterum
764 1234 1058 1310 tempora
1088 1226 1201 1289 illa
1228 1226 1387 1289 adeo
1426 1220 1692 1313 in‘fefita,

57 1336 148 1403 ἀ
191 1337 564 1403 adulatione
611 1340 858 1405 sordida
891 1341 1073 1415 fuere
1102 1384 1123 1417 ,
1192 1347 1267 1402 ut
1318 1356 1451 1403 non
1497 1338 1691 1401 modo

59 1452 396 1535 primores
441 1452 754 1533 civitatis,
818 1454 1052 1537 quibus
1082 1453 1393 1517 claritudo
1436 1448 1545 1515 sua
1576 1450 1694 1515 ob-

62 1565 314 1648 sequiis
363 1570 753 1687 protegenda
783 1576 964 1643 erat3
1011 1568 1119 1649 sed
1145 1586 1369 1631 ornnes
1405 1562 1693 1630 consula-

61 1699 226 1756 ree„
251 1662 517 1763 niagna
512 1700 659 1764 pars
693 1702 941 1759 eorum,
988 1682 1101 1765 qui
1128 1690 1431 1765 praetura
1460 1673 1691 1754 funffi,

61 1794 394 1877 multique
419 1793 613 1857 etiam
638 1796 882 1878 pedarii
913 1796 1235 1861 senatores
1260 1792 1555 1859 certatim
1574 1810 1691 1855 ex·

60 1906 430 1991 surgerent,
475 1910 792 1993 foedaque
819 1908 890 1977 ὅτ
920 1910 1122 1975 nimia
1154 1908 1503 1975 censerent.
1547 1902 1688 1969 Me-
1725 1962 1747 1981 ,

53 2020 324 2085 ‘moriae
367 2023 694 2105 proditur,
743 2022 1121 2100 Tiberium,
1177 2022 1475 2107 quotiens
1508 2018 1688 2083 curia

60 2130 520 2216 egrederetur,
587 2134 853 2201 Graecis
877 2138 1089 2203 verbis
1122 2137 1195 2201 in
1219 2136 1391 2200 hunc
1420 2132 1687 2199 modum

55 2249 295 2333 eloqui
341 2248 594 2315 solitum
621 2296 641 2327 ,
701 2273 734 2313 o
767 2252 1032 2313 homines
1061 2248 1144 2311 ad
1172 2252 1529 2328 servitutem
1564 2264 1685 2323 pa·-

57 2371 286 2425 ratos!
340 2360 595 2429 Scilicet
641 2365 840 2430 etiam
881 2362 1101 2439 illum,
1163 2362 1275 2444 qui
1317 2360 1683 2424 libertatem
1802 2385 1807 2398 ·

55 2476 397 2558 publicam
437 2478 640 2543 nollet
663 2524 684 2555 ,
725 2486 864 2542 tam
896 2472 1223 2562 projectae
1274 2470 1685 2537 servientium

60 2589 424 2673 patientiae
456 2593 775 2657 taedebat.

227 2705 294 2765 C.
331 2704 576 2767 Silanus
607 2703 1073 2783 repetundarum
1104 2699 1177 2771 ό·
1212 2698 1541 2779 majestatis

701 2816 1047 2879 damnatus.

207 2923 452 2991 LXVI.
501 2928 850 2995 Paullatim
889 2926 1121 2993 dehinc
1152 2970 1173 3004 ‚
1234 2925 1317 2991 ab
1362 2921 1681 2988 indecoris
1699 2914 1721 2945 ³

61 3039 146 3101 ad
214 3037 438 3105 infesta
483 3043 1122 3125 transgrediebantur.
1232 3037 1305 3105 C.
1355 3034 1681 3109 Silanum,

64 3148 512 3231 proconsulem
567 3154 796 3232 Aliae,
865 3156 1371 3239 repetundarum
1418 3170 1459 3214 a
1500 3146 1695 3211 sociis,

64 3238 456 3343 postulatmn
478 3314 496 3345 ,
545 3269 905 3335 Mamercus
943 3266 1221 3333 Scaurus
1260 3289 1296 3331 e
1339 3262 1682 3327 consulari-

69 3375 230 3459 bus,
271 3382 308 3456 J
313 3382 502 3449 unius
529 3382 740 3465 Otho,
785 3391 1075 3467 praetor,
1122 3378 1451 3449 Brutidius
1480 3374 1701 3459 Niger
