2134 3859
1405 0 1675 11 --—-—·=--v-—-·
1694 3 1707 6 -

161 200 987 307 AN.V.C.Dchxx11.
1030 235 1199 303 ΕΒ.
1218 236 1422 307 emt.
1442 260 1547 325 19.
1596 262 1725 325 199

105 416 248 491 dit,
299 414 764 491 “adfatur-um,
797 414 921 509 ‘ubi
947 422 1243 499 praetor,
1292 415 1399 499 qui
1426 416 1507 479 de
1531 434 1727 479 vene-

99 527 278 593 ficiis
307 522 680 627 quaereret,
709 548 820 593 reo
837 536 1032 611 atque
1059 526 1527 594 accusatoribus
1550 528 1721 593 diem

95 640 515 727 praedixiffet
528 643 593 705 '’.
675 642 948 707 Interim
964 641 1293 709 Domitius
1312 642 1719 719 Laodiceam,

97 757 340 821 urbem
367 753 635 841 Syriae,
677 755 996 839 adpulsus,
1039 775 1190 819 cum
1214 756 1481 821 hiberna
1510 755 1721 821 sextae

95 870 386 952 legionis
435 878 725 953 peteret,
769 871 942 953 quod
1003 888 1151 935 eam
1210 870 1488 935 maxime
1530 869 1717 933 novis

99 981 389 1047 confiliis
432 982 729 1048 idoneam
770 983 1067 1061 rebatur,
1116 1003 1155 1047 a
1184 983 1463 1061 Pacuvio
1504 984 1717 1075 legato

97 1097 542 1183 praevenitur.
661 1098 740 1161 Id
782 1093 1040 1162 Sentius
1084 1098 1291 1163 Pisoni
1339 1117 1455 1180 per
1494 1094 1715 1161 literas

95 1212 353 1295 aperit,
401 1218 748 1295 monetque
791 1215 936 1276 “ne
970 1210 1173 1277 castra
1213 1210 1715 1295 corruptoribus,

97 1347 191 1391 ne
223 1324 622 1408 provinciam
660 1326 830 1391 bello
871 1327 1173 1389 tentet”2
1235 1324 1513 1410 quosque
1551 1320 1715 1388 Ger-

95 1438 344 1503 manici
389 1458 708 1505 memores
729 1484 748 1514 ,
793 1446 906 1503 aut
935 1436 1215 1511 inimicis
1254 1438 1393 1521 ejus
1408 1436 1715 1502 ‘adversos

95 1558 496 1633 cognoverat
520 1598 539 1629 ,
600 1540 920 1617 contrahit
950 1598 971 1629 ,
1031 1553 1539 1635 magnitudinem
1578 1551 1715 1635 Iin-

93 1666 418 1749 peratoris
454 1666 830 1731 idemtidem
871 1664 1205 1749 ingerenS,
1271 1664 1345 1731 &
1392 1670 1435 1701 ‘⁶
1456 1683 1713 1747 rempu-

92 1780 339 1845 blicam
376 1780 571 1845 armis
613 1780 840 1865 peti”:
905 1780 1213 1863 ducitque
1256 1780 1538 1848 validam
1568 1796 1713 1841 *ma-

87 1912 296 1970 num,
343 1890 412 1959 &
438 1894 682 1975 proelio
706 1901 1018 1977 paratam.
1752 1933 1757 1940 ·

235 2006 554 2072 LXXX.
613 2005 752 2073 Nec
795 2006 934 2071 Piso
953 2052 974 2085 ,
1027 2004 1434 2090 Quamquam
1479 2012 1709 2089 coepta

91 2120 279 2184 secus
323 2122 663 2198 cadebant,
709 2118 919 2185 omifit
948 2118 1251 2185 tutiffirna
1290 2142 1327 2185 e
1362 2118 1707 2205 praesenti·
1784 2206 1791 2216 ,

89 2235 261 2301 bus:
309 2234 414 2299 sed
451 2232 776 2299 castellum
819 2232 1083 2319 Ciliciae
1121 2234 1442 2297 munitum
1484 2234 1707 2315 admo-

89 2350 292 2423 dum,
339 2348 444 2411 cui
475 2366 708 2411 nomen
742 2345 1107 2423 Celendris‚
1155 2326 1447 2431 occupat,
1536 2344 1707 2411 Nam

90 2458 400 2525 admixtis
427 2460 882 2537 desertoribus,
929 2458 997 2524 &
1027 2436 1235 2525 tirone
1264 2472 1469 2543 nuper
1506 2459 1707 2525 inter-

89 2582 282 2656 cepto
302 2620 322 2650 ,
369 2574 614 2658 suisque
645 2572 716 2639 &
744 2573 1089 2639 Plancinae
1117 2571 1424 2649 servitiis,
1466 2570 1706 2635 auxilia

93 2687 408 2764 Cilicum,
457 2707 620 2771 quae
653 2687 862 2769 reguli
891 2686 1221 2769 miserant,
1268 2686 1707 2755 in.numerum

91 2800 368 2881 legionis
391 2801 852 2885 composuerat»
945 2799 1405 2885 “Caesarisque
1438 2798 1499 2863 se
1530 2800 1707 2881 lega-

95 2921 236 2975 tum
252 2916 290 2939 ”
339 2912 688 2980 testabatur
730 2920 774 2950 ‘⁶
804 2914 1137 2999 provincia
1167 2960 1186 2992 ,
1250 2935 1443 2998 quam
1486 2914 1543 2979 is
1590 2913 1704 2977 de·-

89 3024 298 3102 diffet,
342 3029 568 3105 arceri,
617 3049 745 3093 non
776 3047 815 3091 a
841 3028 1203 3110 legionibus
1229 3027 1490 3111 (earum
1516 3027 1703 3109 quip-

91 3158 172 3221 pe
215 3141 428 3203 accitu
480 3141 734 3226 venire)
787 3141 894 3205 sed
945 3160 984 3206 a
1045 3139 1267 3205 Sentio
1296 3188 1317 3218 ,
1378 3141 1702 3226 pr1vatum

91 3254 313 3319 odium
347 3250 518 3320 falfis
547 3255 920 3321 criminibus
952 3264 1249 3338 tegente:
1300 3252 1703 3319 consisterent

1204 3365 1267 3429 N
1310 3387 1355 3450 4
