2134 3859
445 273 1322 414 PRAeFATlo‘
1559 299 1656 380 41

30 475 757 579 commentationum
778 496 1046 573 genere
1060 456 1516 552 utiliffim'um
1537 469 1661 565 est,

40 634 524 693 nummorum
543 673 563 709 ,
602 613 1153 715 inscriptionum
1170 668 1194 704 ‚
1229 609 1662 712 scriptorum

34 765 211 830 tum
242 754 779 848 Romanorum,
816 767 983 830 tum
1013 753 1492 845 Graecorum,
1517 751 1662 830 Ta-

40 893 199 970 cito
232 893 659 994 aequalium
678 952 699 988 ,
742 905 879 970 aut
909 889 1400 970 recentiorum
1418 943 1442 982 ,
1483 909 1666 964 auc-

40 1034 351 1112 toritate
368 1091 389 1127 ,
440 1033 803 1112 Historiae
832 1029 1063 1110 fidem
1099 1027 1466 1108 adstruere
1481 1084 1504 1122 ,
1549 1027 1666 1106 lu-

50 1185 371 1272 cemque
412 1171 485 1248 ei
517 1171 947 1255 adfundere.

166 1314 383 1412 Opus
435 1333 731 1412 quoque
782 1311 929 1390 fuit
943 1368 967 1404 ‚
1019 1331 1152 1412 pro
1191 1321 1667 1408 argumento·

21 1471 229 1530 ‘rum
284 1449 647 1549 dignitate
698 1449 779 1529 &
830 1450 1154 1527 utilitate
1173 1507 1197 1543 ‚
1248 1447 1676 1550 complures

56 1587 593 1667 differtationes
628 1590 926 1672 addere.
1004 1588 1442 1690 Expositum
1466 1587 1570 1666 est
1593 1586 1678 1666 &1

55 1727 503 1806 illustratum
553 1727 947 1806 Caesarum
998 1728 1346 1821 stemma,
1397 1751 1496 1804 ne
1537 1753 1678 1806 no..

58 1867 359 1944 minum
392 1867 867 1944 multitudine
910 1865 987 1946 &
1012 1867 1398 1947 indiscreta
1427 1867 1675 1946 simili..

56 2006 327 2084 tudine
398 2004 950 2085 obscurarentur
1014 2004 1374 2090 Annales.
1478 2009 1674 2088 Eam

64 2147 163 2222 ob
214 2165 379 2230 rem
430 2144 684 2222 addita
732 2143 983 2244 passim
1033 2148 1248 2248 plura
1283 2147 1426 2222 alia
1463 2147 1680 2226 stem-

64 2299 297 2367 mata.
378 2287 515 2363 .De
561 2279 1015 2380 legionibuS,
1068 2307 1327 2365 earum
1367 2285 1684 2363 nu’mero

68 2423 145 2504 &
190 2423 385 2520 Iocis
431 2421 661 2502 fufius
712 2423 1102 2502 tractatum
1121 2481 1144 2517 ,
1193 2437 1282 2500 ut
1329 2425 1685 2503 Historia..

68 2584 237 2640 rum
252 2531 430 2640 'libri
470 2559 819 2641 inoffenso
851 2564 1041 2660 pede
1073 2576 1684 2664 percurrerentur.

70 2701 427 2801 Ejusdem
454 2699 891 2780 necestitatis
926 2693 1070 2776 fuit
1113 2703 1526 2801 expendere
1559 2727 1686 2780 ae.

70 2841 351 2917 ratium
429 2838 741 2938 opesque
808 2840 1323 2924 Romanorum
1357 2899 1377 2936 ,
1451 2841 1686 2921 stante
1815 2846 1826 2854 '

70 2978 488 3080 republica,
556 2977 633 3061 ἂ
672 2978 801 3056 sub
855 2977 1356 3083 Principibus3
1412 3004 1686 3087 ¹eorum

72 3115 337 3196 census
392 3114 470 3193 &
514 3117 773 3212 lustra,
828 3117 1103 3198 tributa
1139 3117 1217 3194 &
1261 3119 1641 3216 vectigalia
1659 3178 1683 3214 ‚

72 3255 504 3356 Principum
538 3257 907 3353 congiaria
927 3314 950 3349 ,
998 3257 1284 3334 Romae
1315 3257 1690 3352 magnitu-

79 3395 375 3492 dinem,
408 3379 765 3497 Capitolii
794 3395 1470 3494 magnificentiam,
1511 3395 1690 3476 alia-

1207 3525 1259 3594 C
1299 3543 1344 3616 ὅ
